<?xml version="1.0" encoding="UTF-8"?>
<!DOCTYPE html PUBLIC "-//W3C//DTD XHTML 1.0 Transitional//EN"
    "http://www.w3.org/TR/xhtml1/DTD/xhtml1-transitional.dtd">
<html xmlns="http://www.w3.org/1999/xhtml" xml:lang="en" lang="en">
 <head>
  <title>
</title>
<meta http-equiv="Content-Type" content="text/html;charset=utf-8" />
  <meta name='ocr-system' content='tesseract 3.04.00' />
  <meta name='ocr-capabilities' content='ocr_page ocr_carea ocr_par ocr_line ocrx_word'/>
</head>
<body>
  <div class='ocr_page' id='page_1' title='image "4769573_0017.png"; bbox 0 0 2545 3397; ppageno 0'>
   <div class='ocr_carea' id='block_1_1' title="bbox 1242 65 1289 102">
    <p class='ocr_par' dir='ltr' id='par_1_1' title="bbox 1242 65 1289 102">
     <span class='ocr_line' id='line_1_1' title="bbox 1242 65 1289 102; baseline 0.021 -1"><span class='ocrx_word' id='word_1_1' title='bbox 1242 65 1289 102; x_wconf 94' lang='lat'><strong>11</strong></span> 
     </span>
    </p>
   </div>
   <div class='ocr_carea' id='block_1_2' title="bbox 270 171 2253 2955">
    <p class='ocr_par' dir='ltr' id='par_1_2' title="bbox 270 171 2253 2955">
     <span class='ocr_line' id='line_1_2' title="bbox 283 171 2249 226; baseline -0.001 -14"><span class='ocrx_word' id='word_1_2' title='bbox 283 187 383 224; x_wconf 85' lang='lat' dir='ltr'><strong>quae</strong></span> <span class='ocrx_word' id='word_1_3' title='bbox 404 173 502 214; x_wconf 88' lang='lat' dir='ltr'><strong>dicit</strong></span> <span class='ocrx_word' id='word_1_4' title='bbox 519 188 588 214; x_wconf 81' lang='lat' dir='ltr'><strong>nec</strong></span> <span class='ocrx_word' id='word_1_5' title='bbox 607 174 658 214; x_wconf 83' lang='lat' dir='ltr'><strong>A.</strong></span> <span class='ocrx_word' id='word_1_6' title='bbox 679 174 821 214; x_wconf 73' lang='lat' dir='ltr'><strong>Plauti</strong></span> <span class='ocrx_word' id='word_1_7' title='bbox 837 187 1022 226; x_wconf 84' lang='lat' dir='ltr'><strong>umquam</strong></span> <span class='ocrx_word' id='word_1_8' title='bbox 1036 173 1125 225; x_wconf 75' lang='lat' dir='ltr'><strong>fuit</strong></span> <span class='ocrx_word' id='word_1_9' title='bbox 1143 187 1266 226; x_wconf 79' lang='lat' dir='ltr'><strong>neque</strong></span> <span class='ocrx_word' id='word_1_10' title='bbox 1285 174 1382 213; x_wconf 84' lang='lat' dir='ltr'><strong>adeo</strong></span> <span class='ocrx_word' id='word_1_11' title='bbox 1404 172 1442 213; x_wconf 93' lang='lat' dir='ltr'><strong>C.</strong></span> <span class='ocrx_word' id='word_1_12' title='bbox 1466 173 1598 212; x_wconf 76' lang='lat' dir='ltr'><strong>Macci</strong></span> <span class='ocrx_word' id='word_1_13' title='bbox 1620 172 1710 224; x_wconf 80' lang='lat' dir='ltr'><strong>Titi,</strong></span> <span class='ocrx_word' id='word_1_14' title='bbox 1732 173 1795 213; x_wconf 92' lang='lat' dir='ltr'><strong>his</strong></span> <span class='ocrx_word' id='word_1_15' title='bbox 1815 172 2036 212; x_wconf 85' lang='lat' dir='ltr'><strong>rationibus</strong></span> <span class='ocrx_word' id='word_1_16' title='bbox 2056 171 2249 212; x_wconf 88' lang='lat' dir='ltr'><strong>adductus</strong></span> 
     </span>
     <span class='ocr_line' id='line_1_3' title="bbox 282 243 2251 297; baseline 0 -14"><span class='ocrx_word' id='word_1_17' title='bbox 282 243 364 284; x_wconf 86' lang='lat' dir='ltr'><strong>Leo</strong></span> <span class='ocrx_word' id='word_1_18' title='bbox 385 246 552 286; x_wconf 86' lang='lat' dir='ltr'><strong>Accium</strong></span> <span class='ocrx_word' id='word_1_19' title='bbox 579 246 826 286; x_wconf 83' lang='lat' dir='ltr'><strong>existimavit</strong></span> <span class='ocrx_word' id='word_1_20' title='bbox 850 245 1023 297; x_wconf 90' lang='lat' dir='ltr'><strong>prologis</strong></span> <span class='ocrx_word' id='word_1_21' title='bbox 1050 246 1097 285; x_wconf 90' lang='lat' dir='ltr'><strong>de</strong></span> <span class='ocrx_word' id='word_1_22' title='bbox 1123 245 1344 285; x_wconf 83' lang='lat' dir='ltr'><strong>fabularum</strong></span> <span class='ocrx_word' id='word_1_23' title='bbox 1366 246 1518 297; x_wconf 87' lang='lat' dir='ltr'>origine</span> <span class='ocrx_word' id='word_1_24' title='bbox 1538 244 1724 284; x_wconf 85' lang='lat' dir='ltr'><strong>Plautina</strong></span> <span class='ocrx_word' id='word_1_25' title='bbox 1743 245 1982 285; x_wconf 87' lang='lat' dir='ltr'><strong>testantibus</strong></span> <span class='ocrx_word' id='word_1_26' title='bbox 2008 245 2170 297; x_wconf 88' lang='lat' dir='ltr'>obloqui</span> <span class='ocrx_word' id='word_1_27' title='bbox 2194 245 2251 283; x_wconf 90' lang='lat' dir='ltr'><strong>ita</strong></span> 
     </span>
     <span class='ocr_line' id='line_1_4' title="bbox 282 316 2250 369; baseline -0.002 -12"><span class='ocrx_word' id='word_1_28' title='bbox 282 316 443 369; x_wconf 87' lang='lat' dir='ltr'><strong>quidem</strong></span> <span class='ocrx_word' id='word_1_29' title='bbox 476 324 519 357; x_wconf 90' lang='lat' dir='ltr'><strong>ut</strong></span> <span class='ocrx_word' id='word_1_30' title='bbox 553 317 603 357; x_wconf 89' lang='lat' dir='ltr'><strong>ad</strong></span> <span class='ocrx_word' id='word_1_31' title='bbox 637 331 772 357; x_wconf 86' lang='lat' dir='ltr'><strong>eorum</strong></span> <span class='ocrx_word' id='word_1_32' title='bbox 806 316 955 356; x_wconf 88' lang='lat' dir='ltr'><strong>indicia</strong></span> <span class='ocrx_word' id='word_1_33' title='bbox 988 331 1081 357; x_wconf 89' lang='lat' dir='ltr'><strong>suae</strong></span> <span class='ocrx_word' id='word_1_34' title='bbox 1116 318 1305 357; x_wconf 88' lang='lat' dir='ltr'><strong>orationis</strong></span> <span class='ocrx_word' id='word_1_35' title='bbox 1339 317 1506 356; x_wconf 82' lang='lat' dir='ltr'><strong>formam</strong></span> <span class='ocrx_word' id='word_1_36' title='bbox 1540 317 1867 356; x_wconf 81' lang='lat' dir='ltr'>accommodaret.</span> <span class='ocrx_word' id='word_1_37' title='bbox 1921 316 1969 355; x_wconf 92' lang='lat' dir='ltr'><strong>In</strong></span> <span class='ocrx_word' id='word_1_38' title='bbox 1998 330 2075 368; x_wconf 90' lang='lat' dir='ltr'><strong>qua</strong></span> <span class='ocrx_word' id='word_1_39' title='bbox 2103 330 2145 354; x_wconf 92' lang='lat' dir='ltr'><strong>re</strong></span> <span class='ocrx_word' id='word_1_40' title='bbox 2175 316 2250 354; x_wconf 90' lang='lat' dir='ltr'><strong>hoc</strong></span> 
     </span>
     <span class='ocr_line' id='line_1_5' title="bbox 281 388 2249 441; baseline -0.001 -13"><span class='ocrx_word' id='word_1_41' title='bbox 281 390 453 441; x_wconf 87' lang='lat' dir='ltr'><strong>primum</strong></span> <span class='ocrx_word' id='word_1_42' title='bbox 470 389 651 439; x_wconf 87' lang='lat' dir='ltr'><strong>dicimus,</strong></span> <span class='ocrx_word' id='word_1_43' title='bbox 670 389 764 427; x_wconf 87' lang='lat' dir='ltr'><strong>licet</strong></span> <span class='ocrx_word' id='word_1_44' title='bbox 778 388 894 428; x_wconf 91' lang='lat' dir='ltr'><strong>nobis</strong></span> <span class='ocrx_word' id='word_1_45' title='bbox 911 390 1006 428; x_wconf 87' lang='lat' dir='ltr'><strong>satis</strong></span> <span class='ocrx_word' id='word_1_46' title='bbox 1023 390 1213 441; x_wconf 83' lang='lat' dir='ltr'><strong>probasse</strong></span> <span class='ocrx_word' id='word_1_47' title='bbox 1232 389 1435 428; x_wconf 88' lang='lat' dir='ltr'><strong>videamur</strong></span> <span class='ocrx_word' id='word_1_48' title='bbox 1451 389 1620 441; x_wconf 86' lang='lat' dir='ltr'><strong>priorem</strong></span> <span class='ocrx_word' id='word_1_49' title='bbox 1637 396 1789 441; x_wconf 84' lang='lat' dir='ltr'><strong>partem</strong></span> <span class='ocrx_word' id='word_1_50' title='bbox 1809 389 2029 428; x_wconf 87' lang='lat' dir='ltr'><strong>sententiae</strong></span> <span class='ocrx_word' id='word_1_51' title='bbox 2046 388 2249 427; x_wconf 87' lang='lat' dir='ltr'><strong>Accianae</strong></span> 
     </span>
     <span class='ocr_line' id='line_1_6' title="bbox 281 459 2250 512; baseline -0.001 -13"><span class='ocrx_word' id='word_1_52' title='bbox 281 475 403 499; x_wconf 90' lang='lat' dir='ltr'><strong>unum</strong></span> <span class='ocrx_word' id='word_1_53' title='bbox 429 460 587 499; x_wconf 87' lang='lat' dir='ltr'><strong>efficere</strong></span> <span class='ocrx_word' id='word_1_54' title='bbox 611 473 686 498; x_wconf 89' lang='lat' dir='ltr'><strong>nec</strong></span> <span class='ocrx_word' id='word_1_55' title='bbox 712 459 896 498; x_wconf 82' lang='lat' dir='ltr'><strong>distribui</strong></span> <span class='ocrx_word' id='word_1_56' title='bbox 922 460 962 498; x_wconf 92' lang='lat' dir='ltr'><strong>in</strong></span> <span class='ocrx_word' id='word_1_57' title='bbox 988 466 1120 512; x_wconf 89' lang='lat' dir='ltr'><strong>partes</strong></span> <span class='ocrx_word' id='word_1_58' title='bbox 1147 460 1257 510; x_wconf 88' lang='lat' dir='ltr'><strong>duas,</strong></span> <span class='ocrx_word' id='word_1_59' title='bbox 1286 466 1328 499; x_wconf 91' lang='lat' dir='ltr'><strong>ut</strong></span> <span class='ocrx_word' id='word_1_60' title='bbox 1354 460 1421 499; x_wconf 93' lang='lat' dir='ltr'><strong>ille</strong></span> <span class='ocrx_word' id='word_1_61' title='bbox 1447 460 1582 508; x_wconf 88' lang='lat' dir='ltr'><strong>voluit,</strong></span> <span class='ocrx_word' id='word_1_62' title='bbox 1611 474 1688 511; x_wconf 93' lang='lat' dir='ltr'><strong>quo</strong></span> <span class='ocrx_word' id='word_1_63' title='bbox 1714 461 1790 499; x_wconf 87' lang='lat' dir='ltr'><strong>tria</strong></span> <span class='ocrx_word' id='word_1_64' title='bbox 1815 466 1948 499; x_wconf 86' lang='lat' dir='ltr'><strong>essent</strong></span> <span class='ocrx_word' id='word_1_65' title='bbox 1973 473 2074 511; x_wconf 88' lang='lat' dir='ltr'><strong>quae</strong></span> <span class='ocrx_word' id='word_1_66' title='bbox 2094 473 2250 511; x_wconf 89' lang='lat' dir='ltr'><strong>separa-</strong></span> 
     </span>
     <span class='ocr_line' id='line_1_7' title="bbox 280 530 2248 584; baseline -0.001 -12"><span class='ocrx_word' id='word_1_67' title='bbox 280 538 417 572; x_wconf 83' lang='lat' dir='ltr'><strong>rentur</strong></span> <span class='ocrx_word' id='word_1_68' title='bbox 436 532 657 572; x_wconf 80' lang='lat' dir='ltr'><strong>fabularum</strong></span> <span class='ocrx_word' id='word_1_69' title='bbox 687 545 843 582; x_wconf 89' lang='lat' dir='ltr'><strong>genera,</strong></span> <span class='ocrx_word' id='word_1_70' title='bbox 874 534 1010 571; x_wconf 86' lang='lat' dir='ltr'><strong>tamen</strong></span> <span class='ocrx_word' id='word_1_71' title='bbox 1032 531 1223 572; x_wconf 91' lang='lat' dir='ltr'><strong>orationis</strong></span> <span class='ocrx_word' id='word_1_72' title='bbox 1249 531 1415 572; x_wconf 90' lang='lat' dir='ltr'><strong>formam</strong></span> <span class='ocrx_word' id='word_1_73' title='bbox 1434 546 1514 571; x_wconf 92' lang='grc'><strong>11011</strong></span> <span class='ocrx_word' id='word_1_74' title='bbox 1535 531 1737 584; x_wconf 89' lang='lat' dir='ltr'><strong>impedire,</strong></span> <span class='ocrx_word' id='word_1_75' title='bbox 1760 546 1837 584; x_wconf 91' lang='lat' dir='ltr'><strong>quo</strong></span> <span class='ocrx_word' id='word_1_76' title='bbox 1858 532 1989 571; x_wconf 89' lang='lat' dir='ltr'><strong>minus</strong></span> <span class='ocrx_word' id='word_1_77' title='bbox 2010 530 2087 570; x_wconf 90' lang='lat' dir='ltr'><strong>duo</strong></span> <span class='ocrx_word' id='word_1_78' title='bbox 2109 530 2248 571; x_wconf 89' lang='lat' dir='ltr'><strong>saltem</strong></span> 
     </span>
     <span class='ocr_line' id='line_1_8' title="bbox 280 602 2253 656; baseline -0.001 -13"><span class='ocrx_word' id='word_1_79' title='bbox 280 618 426 656; x_wconf 88' lang='lat' dir='ltr'><strong>genera</strong></span> <span class='ocrx_word' id='word_1_80' title='bbox 445 602 738 644; x_wconf 84' lang='lat' dir='ltr'><strong>comoediarum</strong></span> <span class='ocrx_word' id='word_1_81' title='bbox 760 602 1065 655; x_wconf 83' lang='lat' dir='ltr'><strong>distinguantur,</strong></span> <span class='ocrx_word' id='word_1_82' title='bbox 1098 617 1263 656; x_wconf 88' lang='lat' dir='ltr'><strong>quorum</strong></span> <span class='ocrx_word' id='word_1_83' title='bbox 1289 604 1455 643; x_wconf 87' lang='lat' dir='ltr'><strong>alterum</strong></span> <span class='ocrx_word' id='word_1_84' title='bbox 1475 603 1627 652; x_wconf 75' lang='lat' dir='ltr'><strong>Plauti,</strong></span> <span class='ocrx_word' id='word_1_85' title='bbox 1659 603 1826 643; x_wconf 86' lang='lat' dir='ltr'><strong>alterum</strong></span> <span class='ocrx_word' id='word_1_86' title='bbox 1856 609 1989 643; x_wconf 86' lang='lat' dir='ltr'><strong>autem</strong></span> <span class='ocrx_word' id='word_1_87' title='bbox 2017 603 2148 642; x_wconf 79' lang='lat' dir='ltr'><strong>Macci</strong></span> <span class='ocrx_word' id='word_1_88' title='bbox 2170 602 2253 642; x_wconf 80' lang='lat' dir='ltr'><strong>Titi</strong></span> 
     </span>
     <span class='ocr_line' id='line_1_9' title="bbox 279 675 2253 727; baseline -0.001 -13"><span class='ocrx_word' id='word_1_89' title='bbox 279 676 439 715; x_wconf 90' lang='lat' dir='ltr'><strong>nomine</strong></span> <span class='ocrx_word' id='word_1_90' title='bbox 456 675 695 726; x_wconf 80' lang='lat' dir='ltr'><strong>designetur,</strong></span> <span class='ocrx_word' id='word_1_91' title='bbox 711 680 751 714; x_wconf 89' lang='lat' dir='ltr'><strong>et</strong></span> <span class='ocrx_word' id='word_1_92' title='bbox 765 676 963 727; x_wconf 89' lang='lat' dir='ltr'><strong>quoniam,</strong></span> <span class='ocrx_word' id='word_1_93' title='bbox 979 676 1035 714; x_wconf 91' lang='lat' dir='ltr'><strong>uti</strong></span> <span class='ocrx_word' id='word_1_94' title='bbox 1052 675 1238 726; x_wconf 87' lang='lat' dir='ltr'><strong>diximus,</strong></span> <span class='ocrx_word' id='word_1_95' title='bbox 1249 676 1388 714; x_wconf 77' lang='lat' dir='ltr'><strong>Plauti</strong></span> <span class='ocrx_word' id='word_1_96' title='bbox 1401 689 1545 714; x_wconf 90' lang='lat' dir='ltr'><strong>nomen</strong></span> <span class='ocrx_word' id='word_1_97' title='bbox 1560 676 1718 727; x_wconf 89' lang='lat' dir='ltr'><strong>saepius</strong></span> <span class='ocrx_word' id='word_1_98' title='bbox 1733 676 1774 713; x_wconf 94' lang='grc'><strong>111</strong></span> <span class='ocrx_word' id='word_1_99' title='bbox 1789 676 1974 727; x_wconf 88' lang='lat' dir='ltr'><strong>prologis,</strong></span> <span class='ocrx_word' id='word_1_100' title='bbox 1991 675 2111 713; x_wconf 88' lang='lat' dir='ltr'><strong>semel</strong></span> <span class='ocrx_word' id='word_1_101' title='bbox 2121 675 2253 713; x_wconf 82' lang='lat' dir='ltr'><strong>Macci</strong></span> 
     </span>
     <span class='ocr_line' id='line_1_10' title="bbox 285 745 2250 798; baseline 0 -13"><span class='ocrx_word' id='word_1_102' title='bbox 285 747 368 785; x_wconf 77' lang='lat' dir='ltr'><strong>Titi</strong></span> <span class='ocrx_word' id='word_1_103' title='bbox 385 753 577 792; x_wconf 90' lang='lat' dir='ltr'><strong>occurrat,</strong></span> <span class='ocrx_word' id='word_1_104' title='bbox 608 760 658 785; x_wconf 88' lang='lat' dir='ltr'><strong>ex</strong></span> <span class='ocrx_word' id='word_1_105' title='bbox 683 747 857 797; x_wconf 91' lang='lat' dir='ltr'><strong>prologis</strong></span> <span class='ocrx_word' id='word_1_106' title='bbox 878 747 1074 785; x_wconf 82' lang='lat' dir='ltr'><strong>Plautinis</strong></span> <span class='ocrx_word' id='word_1_107' title='bbox 1105 747 1262 785; x_wconf 89' lang='lat' dir='ltr'><strong>ductam</strong></span> <span class='ocrx_word' id='word_1_108' title='bbox 1282 748 1399 786; x_wconf 88' lang='lat' dir='ltr'><strong>Accii</strong></span> <span class='ocrx_word' id='word_1_109' title='bbox 1426 748 1645 786; x_wconf 87' lang='lat' dir='ltr'><strong>orationem</strong></span> <span class='ocrx_word' id='word_1_110' title='bbox 1666 754 1872 786; x_wconf 79' lang='lat' dir='ltr'><strong>statuatur.</strong></span> <span class='ocrx_word' id='word_1_111' title='bbox 1918 745 1998 786; x_wconf 94' lang='lat' dir='ltr'><strong>Sed</strong></span> <span class='ocrx_word' id='word_1_112' title='bbox 2024 747 2124 786; x_wconf 87' lang='lat' dir='ltr'><strong>haec</strong></span> <span class='ocrx_word' id='word_1_113' title='bbox 2150 761 2250 798; x_wconf 90' lang='grc'><strong>(11180</strong></span> 
     </span>
     <span class='ocr_line' id='line_1_11' title="bbox 279 817 2248 871; baseline 0 -13"><span class='ocrx_word' id='word_1_114' title='bbox 279 818 366 858; x_wconf 89' lang='lat' dir='ltr'><strong>fieri</strong></span> <span class='ocrx_word' id='word_1_115' title='bbox 390 819 568 870; x_wconf 89' lang='lat' dir='ltr'><strong>potuisse</strong></span> <span class='ocrx_word' id='word_1_116' title='bbox 588 833 667 858; x_wconf 93' lang='lat' dir='ltr'><strong>non</strong></span> <span class='ocrx_word' id='word_1_117' title='bbox 688 833 888 870; x_wconf 87' lang='lat' dir='ltr'><strong>negamus,</strong></span> <span class='ocrx_word' id='word_1_118' title='bbox 917 833 1035 871; x_wconf 89' lang='lat' dir='ltr'><strong>quam</strong></span> <span class='ocrx_word' id='word_1_119' title='bbox 1060 817 1179 858; x_wconf 87' lang='lat' dir='ltr'><strong>fidem</strong></span> <span class='ocrx_word' id='word_1_120' title='bbox 1207 818 1351 859; x_wconf 88' lang='lat' dir='ltr'><strong>habere</strong></span> <span class='ocrx_word' id='word_1_121' title='bbox 1378 818 1569 868; x_wconf 88' lang='lat' dir='ltr'><strong>dicamus,</strong></span> <span class='ocrx_word' id='word_1_122' title='bbox 1598 834 1670 859; x_wconf 91' lang='lat' dir='ltr'><strong>nos</strong></span> <span class='ocrx_word' id='word_1_123' title='bbox 1701 818 1812 859; x_wconf 90' lang='lat' dir='ltr'><strong>valde</strong></span> <span class='ocrx_word' id='word_1_124' title='bbox 1838 818 2040 870; x_wconf 89' lang='lat' dir='ltr'><strong>ambigere</strong></span> <span class='ocrx_word' id='word_1_125' title='bbox 2066 818 2248 858; x_wconf 84' lang='lat' dir='ltr'><strong>fatemur.</strong></span> 
     </span>
     <span class='ocr_line' id='line_1_12' title="bbox 279 889 2250 944; baseline -0.001 -14"><span class='ocrx_word' id='word_1_126' title='bbox 279 889 383 930; x_wconf 89' lang='lat' dir='ltr'><strong>Nam</strong></span> <span class='ocrx_word' id='word_1_127' title='bbox 412 890 594 944; x_wconf 86' lang='lat' dir='ltr'><strong>quamvis</strong></span> <span class='ocrx_word' id='word_1_128' title='bbox 625 889 846 944; x_wconf 87' lang='lat' dir='ltr'><strong>speciosum</strong></span> <span class='ocrx_word' id='word_1_129' title='bbox 878 890 942 940; x_wconf 87' lang='lat' dir='ltr'><strong>sit,</strong></span> <span class='ocrx_word' id='word_1_130' title='bbox 973 890 1106 930; x_wconf 84' lang='lat' dir='ltr'><strong>Macci</strong></span> <span class='ocrx_word' id='word_1_131' title='bbox 1131 889 1215 931; x_wconf 78' lang='lat' dir='ltr'><strong>Titi</strong></span> <span class='ocrx_word' id='word_1_132' title='bbox 1241 904 1384 931; x_wconf 90' lang='lat' dir='ltr'><strong>nomen</strong></span> <span class='ocrx_word' id='word_1_133' title='bbox 1415 896 1455 931; x_wconf 90' lang='lat' dir='ltr'><strong>et</strong></span> <span class='ocrx_word' id='word_1_134' title='bbox 1482 891 1524 931; x_wconf 92' lang='grc'><strong>111</strong></span> <span class='ocrx_word' id='word_1_135' title='bbox 1554 890 1716 944; x_wconf 87' lang='lat' dir='ltr'><strong>prologo</strong></span> <span class='ocrx_word' id='word_1_136' title='bbox 1737 889 1972 930; x_wconf 88' lang='lat' dir='ltr'><strong>Mercatoris</strong></span> <span class='ocrx_word' id='word_1_137' title='bbox 2004 896 2043 930; x_wconf 90' lang='lat' dir='ltr'><strong>et</strong></span> <span class='ocrx_word' id='word_1_138' title='bbox 2071 890 2113 929; x_wconf 92' lang='grc'><strong>111</strong></span> <span class='ocrx_word' id='word_1_139' title='bbox 2132 890 2250 930; x_wconf 88' lang='grc' dir='ltr'><strong>Αο011</strong></span> 
     </span>
     <span class='ocr_line' id='line_1_13' title="bbox 280 961 2249 1016; baseline -0.001 -15"><span class='ocrx_word' id='word_1_140' title='bbox 280 962 478 1002; x_wconf 73' lang='lat' dir='ltr'><strong>sententia</strong></span> <span class='ocrx_word' id='word_1_141' title='bbox 503 961 652 1013; x_wconf 87' lang='lat' dir='ltr'><strong>haberi,</strong></span> <span class='ocrx_word' id='word_1_142' title='bbox 681 975 757 1015; x_wconf 92' lang='lat' dir='ltr'><strong>quo</strong></span> <span class='ocrx_word' id='word_1_143' title='bbox 782 962 866 1001; x_wconf 91' lang='lat' dir='ltr'><strong>iure</strong></span> <span class='ocrx_word' id='word_1_144' title='bbox 892 963 1084 1002; x_wconf 88' lang='lat' dir='ltr'><strong>sumimus</strong></span> <span class='ocrx_word' id='word_1_145' title='bbox 1111 962 1216 1001; x_wconf 90' lang='lat' dir='ltr'><strong>idem</strong></span> <span class='ocrx_word' id='word_1_146' title='bbox 1237 962 1367 1001; x_wconf 89' lang='lat' dir='ltr'><strong>Plauti</strong></span> <span class='ocrx_word' id='word_1_147' title='bbox 1393 976 1538 1001; x_wconf 90' lang='lat' dir='ltr'><strong>nomen</strong></span> <span class='ocrx_word' id='word_1_148' title='bbox 1559 964 1600 1001; x_wconf 90' lang='lat' dir='ltr'><strong>in</strong></span> <span class='ocrx_word' id='word_1_149' title='bbox 1622 963 1710 1001; x_wconf 91' lang='lat' dir='ltr'><strong>aliis</strong></span> <span class='ocrx_word' id='word_1_150' title='bbox 1731 976 1885 1016; x_wconf 90' lang='lat' dir='ltr'><strong>quoque</strong></span> <span class='ocrx_word' id='word_1_151' title='bbox 1906 963 2082 1015; x_wconf 88' lang='lat' dir='ltr'><strong>prologis</strong></span> <span class='ocrx_word' id='word_1_152' title='bbox 2103 963 2249 1000; x_wconf 88' lang='lat' dir='ltr'><strong>lectum</strong></span> 
     </span>
     <span class='ocr_line' id='line_1_14' title="bbox 278 1032 2250 1086; baseline 0.001 -14"><span class='ocrx_word' id='word_1_153' title='bbox 278 1034 401 1072; x_wconf 87' lang='lat' dir='ltr'><strong>fuisse</strong></span> <span class='ocrx_word' id='word_1_154' title='bbox 430 1040 471 1072; x_wconf 86' lang='lat' dir='ltr'><strong>et</strong></span> <span class='ocrx_word' id='word_1_155' title='bbox 495 1048 629 1072; x_wconf 91' lang='lat' dir='ltr'><strong>earum</strong></span> <span class='ocrx_word' id='word_1_156' title='bbox 649 1035 881 1086; x_wconf 91' lang='lat' dir='ltr'><strong>praesertim</strong></span> <span class='ocrx_word' id='word_1_157' title='bbox 903 1035 1124 1073; x_wconf 87' lang='lat' dir='ltr'><strong>fabularum</strong></span> <span class='ocrx_word' id='word_1_158' title='bbox 1146 1048 1244 1086; x_wconf 90' lang='lat' dir='ltr'><strong>quas</strong></span> <span class='ocrx_word' id='word_1_159' title='bbox 1264 1035 1393 1074; x_wconf 90' lang='lat' dir='ltr'><strong>Macci</strong></span> <span class='ocrx_word' id='word_1_160' title='bbox 1414 1035 1495 1073; x_wconf 92' lang='lat' dir='ltr'><strong>Titi</strong></span> <span class='ocrx_word' id='word_1_161' title='bbox 1516 1049 1604 1074; x_wconf 90' lang='lat' dir='ltr'><strong>esse</strong></span> <span class='ocrx_word' id='word_1_162' title='bbox 1625 1034 1772 1073; x_wconf 91' lang='lat' dir='ltr'><strong>Accius</strong></span> <span class='ocrx_word' id='word_1_163' title='bbox 1793 1036 1975 1084; x_wconf 88' lang='lat' dir='ltr'><strong>negabat.</strong></span> <span class='ocrx_word' id='word_1_164' title='bbox 2016 1032 2141 1073; x_wconf 85' lang='lat' dir='ltr'><strong>Cuius</strong></span> <span class='ocrx_word' id='word_1_165' title='bbox 2162 1049 2250 1073; x_wconf 90' lang='lat' dir='ltr'><strong>sen-</strong></span> 
     </span>
     <span class='ocr_line' id='line_1_15' title="bbox 279 1106 2250 1158; baseline 0.001 -14"><span class='ocrx_word' id='word_1_166' title='bbox 279 1107 456 1156; x_wconf 83' lang='lat' dir='ltr'><strong>tentiam,</strong></span> <span class='ocrx_word' id='word_1_167' title='bbox 487 1120 587 1157; x_wconf 89' lang='lat' dir='ltr'><strong>quae</strong></span> <span class='ocrx_word' id='word_1_168' title='bbox 616 1106 734 1145; x_wconf 90' lang='lat' dir='ltr'><strong>hodie</strong></span> <span class='ocrx_word' id='word_1_169' title='bbox 765 1112 883 1156; x_wconf 84' lang='lat' dir='ltr'><strong>extat,</strong></span> <span class='ocrx_word' id='word_1_170' title='bbox 915 1106 1095 1146; x_wconf 82' lang='lat' dir='ltr'><strong>videmus</strong></span> <span class='ocrx_word' id='word_1_171' title='bbox 1125 1106 1297 1145; x_wconf 86' lang='lat' dir='ltr'><strong>mediam</strong></span> <span class='ocrx_word' id='word_1_172' title='bbox 1327 1107 1599 1158; x_wconf 88' lang='lat' dir='ltr'><strong>depromptam</strong></span> <span class='ocrx_word' id='word_1_173' title='bbox 1623 1121 1710 1146; x_wconf 90' lang='lat' dir='ltr'><strong>esse</strong></span> <span class='ocrx_word' id='word_1_174' title='bbox 1732 1121 1781 1146; x_wconf 85' lang='lat' dir='ltr'><strong>ex</strong></span> <span class='ocrx_word' id='word_1_175' title='bbox 1801 1122 1847 1146; x_wconf 90' lang='lat' dir='ltr'><strong>ea</strong></span> <span class='ocrx_word' id='word_1_176' title='bbox 1867 1121 1985 1157; x_wconf 90' lang='lat' dir='ltr'><strong>quam</strong></span> <span class='ocrx_word' id='word_1_177' title='bbox 2006 1106 2181 1146; x_wconf 87' lang='lat' dir='ltr'><strong>instituit</strong></span> <span class='ocrx_word' id='word_1_178' title='bbox 2201 1106 2250 1146; x_wconf 90' lang='lat' dir='ltr'><strong>de</strong></span> 
     </span>
     <span class='ocr_line' id='line_1_16' title="bbox 278 1175 2251 1232; baseline 0 -15"><span class='ocrx_word' id='word_1_179' title='bbox 278 1175 412 1218; x_wconf 89' lang='lat' dir='ltr'><strong>Plauti</strong></span> <span class='ocrx_word' id='word_1_180' title='bbox 440 1176 587 1218; x_wconf 87' lang='lat' dir='ltr'><strong>fabulis</strong></span> <span class='ocrx_word' id='word_1_181' title='bbox 617 1175 896 1231; x_wconf 88' lang='lat' dir='ltr'><strong>disputatione,</strong></span> <span class='ocrx_word' id='word_1_182' title='bbox 928 1177 969 1217; x_wconf 91' lang='lat' dir='ltr'><strong>in</strong></span> <span class='ocrx_word' id='word_1_183' title='bbox 1000 1190 1079 1231; x_wconf 87' lang='lat' dir='ltr'><strong>qua</strong></span> <span class='ocrx_word' id='word_1_184' title='bbox 1106 1177 1193 1217; x_wconf 89' lang='lat' dir='ltr'><strong>fieri</strong></span> <span class='ocrx_word' id='word_1_185' title='bbox 1222 1191 1302 1218; x_wconf 92' lang='lat' dir='ltr'><strong>non</strong></span> <span class='ocrx_word' id='word_1_186' title='bbox 1332 1177 1472 1231; x_wconf 90' lang='lat' dir='ltr'><strong>potuit,</strong></span> <span class='ocrx_word' id='word_1_187' title='bbox 1505 1177 1600 1232; x_wconf 89' lang='lat' dir='ltr'><strong>quin</strong></span> <span class='ocrx_word' id='word_1_188' title='bbox 1632 1178 1789 1231; x_wconf 87' lang='lat' dir='ltr'><strong>saepius</strong></span> <span class='ocrx_word' id='word_1_189' title='bbox 1819 1176 1950 1217; x_wconf 88' lang='lat' dir='ltr'><strong>Plauti</strong></span> <span class='ocrx_word' id='word_1_190' title='bbox 1975 1177 2149 1229; x_wconf 86' lang='lat' dir='ltr'><strong>nomina,</strong></span> <span class='ocrx_word' id='word_1_191' title='bbox 2181 1190 2251 1217; x_wconf 92' lang='lat' dir='ltr'><strong>cur</strong></span> 
     </span>
     <span class='ocr_line' id='line_1_17' title="bbox 279 1248 2249 1302; baseline -0.001 -14"><span class='ocrx_word' id='word_1_192' title='bbox 279 1250 385 1288; x_wconf 89' lang='grc'><strong>0111111</strong></span> <span class='ocrx_word' id='word_1_193' title='bbox 410 1263 532 1288; x_wconf 91' lang='lat' dir='ltr'><strong>unum</strong></span> <span class='ocrx_word' id='word_1_194' title='bbox 560 1249 699 1300; x_wconf 87' lang='lat' dir='ltr'><strong>solum,</strong></span> <span class='ocrx_word' id='word_1_195' title='bbox 726 1256 968 1302; x_wconf 89' lang='lat' dir='ltr'><strong>ponerentur</strong></span> <span class='ocrx_word' id='word_1_196' title='bbox 992 1255 1098 1288; x_wconf 86' lang='lat' dir='ltr'><strong>ante.</strong></span> <span class='ocrx_word' id='word_1_197' title='bbox 1137 1248 1205 1288; x_wconf 90' lang='lat' dir='ltr'><strong>Sic</strong></span> <span class='ocrx_word' id='word_1_198' title='bbox 1225 1256 1330 1288; x_wconf 89' lang='lat' dir='ltr'><strong>certe</strong></span> <span class='ocrx_word' id='word_1_199' title='bbox 1352 1251 1560 1289; x_wconf 89' lang='lat' dir='ltr'><strong>universae</strong></span> <span class='ocrx_word' id='word_1_200' title='bbox 1582 1251 1814 1299; x_wconf 87' lang='lat' dir='ltr'><strong>sententiae,</strong></span> <span class='ocrx_word' id='word_1_201' title='bbox 1837 1263 1955 1301; x_wconf 89' lang='lat' dir='ltr'><strong>quam</strong></span> <span class='ocrx_word' id='word_1_202' title='bbox 1976 1249 2040 1288; x_wconf 91' lang='lat' dir='ltr'><strong>cui</strong></span> <span class='ocrx_word' id='word_1_203' title='bbox 2060 1249 2249 1288; x_wconf 87' lang='lat' dir='ltr'><strong>hariolari</strong></span> 
     </span>
     <span class='ocr_line' id='line_1_18' title="bbox 277 1320 2249 1373; baseline 0.001 -14"><span class='ocrx_word' id='word_1_204' title='bbox 277 1321 377 1360; x_wconf 89' lang='lat' dir='ltr'><strong>libet</strong></span> <span class='ocrx_word' id='word_1_205' title='bbox 404 1321 480 1360; x_wconf 91' lang='lat' dir='ltr'><strong>hoc</strong></span> <span class='ocrx_word' id='word_1_206' title='bbox 509 1321 626 1360; x_wconf 88' lang='lat' dir='ltr'><strong>modo</strong></span> <span class='ocrx_word' id='word_1_207' title='bbox 656 1322 788 1360; x_wconf 91' lang='lat' dir='ltr'><strong>animo</strong></span> <span class='ocrx_word' id='word_1_208' title='bbox 818 1322 896 1360; x_wconf 88' lang='lat' dir='ltr'><strong>sibi</strong></span> <span class='ocrx_word' id='word_1_209' title='bbox 925 1321 1112 1361; x_wconf 89' lang='lat' dir='ltr'><strong>informet</strong></span> <span class='ocrx_word' id='word_1_210' title='bbox 1133 1320 1297 1360; x_wconf 84' lang='lat' dir='ltr'><strong>‘multae</strong></span> <span class='ocrx_word' id='word_1_211' title='bbox 1328 1329 1420 1361; x_wconf 89' lang='lat' dir='ltr'><strong>sunt</strong></span> <span class='ocrx_word' id='word_1_212' title='bbox 1439 1321 1596 1361; x_wconf 88' lang='lat' dir='ltr'><strong>fabulae</strong></span> <span class='ocrx_word' id='word_1_213' title='bbox 1617 1335 1716 1373; x_wconf 85' lang='lat' dir='ltr'><strong>quae</strong></span> <span class='ocrx_word' id='word_1_214' title='bbox 1739 1336 1761 1360; x_wconf 89' lang='lat' dir='ltr'><strong>a</strong></span> <span class='ocrx_word' id='word_1_215' title='bbox 1782 1322 1908 1360; x_wconf 89' lang='lat' dir='ltr'><strong>doctis</strong></span> <span class='ocrx_word' id='word_1_216' title='bbox 1929 1321 2157 1360; x_wconf 89' lang='lat' dir='ltr'><strong>hominibus</strong></span> <span class='ocrx_word' id='word_1_217' title='bbox 2179 1336 2249 1373; x_wconf 91' lang='lat' dir='ltr'><strong>pro</strong></span> 
     </span>
     <span class='ocr_line' id='line_1_19' title="bbox 278 1390 2251 1445; baseline 0.001 -14"><span class='ocrx_word' id='word_1_218' title='bbox 278 1391 476 1432; x_wconf 88' lang='lat' dir='ltr'><strong>Plautinis</strong></span> <span class='ocrx_word' id='word_1_219' title='bbox 505 1392 737 1442; x_wconf 86' lang='lat' dir='ltr'><strong>habeantur,</strong></span> <span class='ocrx_word' id='word_1_220' title='bbox 769 1406 867 1444; x_wconf 88' lang='lat' dir='ltr'><strong>quas</strong></span> <span class='ocrx_word' id='word_1_221' title='bbox 898 1392 949 1431; x_wconf 91' lang='lat' dir='ltr'><strong>ad</strong></span> <span class='ocrx_word' id='word_1_222' title='bbox 977 1392 1164 1432; x_wconf 89' lang='lat' dir='ltr'><strong>Plautum</strong></span> <span class='ocrx_word' id='word_1_223' title='bbox 1197 1400 1356 1445; x_wconf 89' lang='lat' dir='ltr'><strong>poetam</strong></span> <span class='ocrx_word' id='word_1_224' title='bbox 1389 1393 1535 1432; x_wconf 86' lang='lat' dir='ltr'><strong>referre</strong></span> <span class='ocrx_word' id='word_1_225' title='bbox 1570 1407 1649 1432; x_wconf 93' lang='lat' dir='ltr'><strong>non</strong></span> <span class='ocrx_word' id='word_1_226' title='bbox 1685 1390 1796 1432; x_wconf 82' lang='lat' dir='ltr'><strong>lieet&#39;</strong></span> <span class='ocrx_word' id='word_1_227' title='bbox 1834 1392 2094 1432; x_wconf 87' lang='lat' dir='ltr'><strong>confirmandi</strong></span> <span class='ocrx_word' id='word_1_228' title='bbox 2131 1406 2251 1432; x_wconf 87' lang='lat' dir='ltr'><strong>causa</strong></span> 
     </span>
     <span class='ocr_line' id='line_1_20' title="bbox 279 1462 2251 1516; baseline 0 -14"><span class='ocrx_word' id='word_1_229' title='bbox 279 1462 543 1502; x_wconf 86' lang='lat' dir='ltr'><strong>subiiciuutur</strong></span> <span class='ocrx_word' id='word_1_230' title='bbox 568 1463 638 1503; x_wconf 92' lang='lat' dir='ltr'><strong>illa</strong></span> <span class='ocrx_word' id='word_1_231' title='bbox 663 1477 762 1515; x_wconf 90' lang='lat' dir='ltr'><strong>quae</strong></span> <span class='ocrx_word' id='word_1_232' title='bbox 782 1477 855 1503; x_wconf 90' lang='lat' dir='ltr'><strong>nos</strong></span> <span class='ocrx_word' id='word_1_233' title='bbox 876 1463 1044 1515; x_wconf 89' lang='lat' dir='ltr'><strong>legimus</strong></span> <span class='ocrx_word' id='word_1_234' title='bbox 1065 1464 1266 1516; x_wconf 88' lang='lat' dir='ltr'><strong>exempla:</strong></span> <span class='ocrx_word' id='word_1_235' title='bbox 1292 1478 1385 1503; x_wconf 76' lang='lat' dir='ltr'><strong>nam</strong></span> <span class='ocrx_word' id='word_1_236' title='bbox 1404 1478 1473 1503; x_wconf 78' lang='lat' dir='ltr'><strong>nec</strong></span> <span class='ocrx_word' id='word_1_237' title='bbox 1495 1462 1653 1504; x_wconf 82' lang='lat' dir='ltr'><strong>Gemini</strong></span> <span class='ocrx_word' id='word_1_238' title='bbox 1670 1465 1824 1503; x_wconf 70' lang='lat' dir='ltr'><strong>lenones</strong></span> <span class='ocrx_word' id='word_1_239' title='bbox 1843 1477 1912 1503; x_wconf 83' lang='lat' dir='ltr'><strong>nec</strong></span> <span class='ocrx_word' id='word_1_240' title='bbox 1931 1464 2164 1503; x_wconf 80' lang='lat' dir='ltr'><strong>Condalium</strong></span> <span class='ocrx_word' id='word_1_241' title='bbox 2181 1478 2251 1503; x_wconf 77' lang='lat' dir='ltr'><strong>nec</strong></span> 
     </span>
     <span class='ocr_line' id='line_1_21' title="bbox 277 1534 2250 1589; baseline 0.001 -15"><span class='ocrx_word' id='word_1_242' title='bbox 277 1534 390 1575; x_wconf 67' lang='lat' dir='ltr'><strong>Anus</strong></span> <span class='ocrx_word' id='word_1_243' title='bbox 420 1535 560 1575; x_wconf 79' lang='lat' dir='ltr'><strong>Plauti</strong></span> <span class='ocrx_word' id='word_1_244' title='bbox 584 1549 654 1575; x_wconf 80' lang='lat' dir='ltr'><strong>nec</strong></span> <span class='ocrx_word' id='word_1_245' title='bbox 681 1535 755 1575; x_wconf 68' lang='lat' dir='ltr'><strong>Bis</strong></span> <span class='ocrx_word' id='word_1_246' title='bbox 785 1549 1004 1588; x_wconf 70' lang='lat' dir='ltr'><strong>compressa</strong></span> <span class='ocrx_word' id='word_1_247' title='bbox 1032 1549 1101 1576; x_wconf 83' lang='lat' dir='ltr'><strong>nec</strong></span> <span class='ocrx_word' id='word_1_248' title='bbox 1119 1535 1286 1576; x_wconf 73' lang='lat' dir='ltr'><strong>Boeotia</strong></span> <span class='ocrx_word' id='word_1_249' title='bbox 1313 1549 1499 1589; x_wconf 84' lang='lat' dir='ltr'><strong>umquam</strong></span> <span class='ocrx_word' id='word_1_250' title='bbox 1515 1536 1607 1587; x_wconf 82' lang='lat' dir='ltr'><strong>fuit</strong></span> <span class='ocrx_word' id='word_1_251' title='bbox 1632 1550 1754 1589; x_wconf 80' lang='lat' dir='ltr'><strong>neque</strong></span> <span class='ocrx_word' id='word_1_252' title='bbox 1783 1537 1879 1576; x_wconf 86' lang='lat' dir='ltr'><strong>adeo</strong></span> <span class='ocrx_word' id='word_1_253' title='bbox 1900 1536 2101 1589; x_wconf 73' lang='lat' dir='ltr'><strong>Ayroecus</strong></span> <span class='ocrx_word' id='word_1_254' title='bbox 2128 1550 2250 1589; x_wconf 78' lang='lat' dir='ltr'><strong>neque</strong></span> 
     </span>
     <span class='ocr_line' id='line_1_22' title="bbox 278 1605 2248 1661; baseline 0 -14"><span class='ocrx_word' id='word_1_255' title='bbox 278 1605 574 1647; x_wconf 68' lang='lat' dir='ltr'><strong>Commorientes</strong></span> <span class='ocrx_word' id='word_1_256' title='bbox 589 1607 721 1647; x_wconf 82' lang='lat' dir='ltr'><strong>Macci</strong></span> <span class='ocrx_word' id='word_1_257' title='bbox 744 1606 834 1647; x_wconf 79' lang='lat' dir='ltr'><strong>Titi.</strong></span> <span class='ocrx_word' id='word_1_258' title='bbox 865 1606 919 1647; x_wconf 92' lang='lat' dir='ltr'><strong>Et</strong></span> <span class='ocrx_word' id='word_1_259' title='bbox 939 1607 1128 1661; x_wconf 91' lang='lat' dir='ltr'><strong>quoniam</strong></span> <span class='ocrx_word' id='word_1_260' title='bbox 1143 1607 1292 1648; x_wconf 86' lang='lat' dir='ltr'><strong>Accius</strong></span> <span class='ocrx_word' id='word_1_261' title='bbox 1312 1621 1391 1647; x_wconf 92' lang='lat' dir='ltr'><strong>non</strong></span> <span class='ocrx_word' id='word_1_262' title='bbox 1413 1608 1564 1660; x_wconf 91' lang='lat' dir='ltr'><strong>primus</strong></span> <span class='ocrx_word' id='word_1_263' title='bbox 1585 1608 1654 1648; x_wconf 91' lang='lat' dir='ltr'><strong>sed</strong></span> <span class='ocrx_word' id='word_1_264' title='bbox 1676 1614 1768 1648; x_wconf 87' lang='lat' dir='ltr'><strong>ante</strong></span> <span class='ocrx_word' id='word_1_265' title='bbox 1789 1621 1878 1648; x_wconf 91' lang='lat' dir='ltr'><strong>eum</strong></span> <span class='ocrx_word' id='word_1_266' title='bbox 1899 1608 1966 1647; x_wconf 91' lang='lat' dir='ltr'><strong>alii</strong></span> <span class='ocrx_word' id='word_1_267' title='bbox 1982 1608 2024 1648; x_wconf 92' lang='lat' dir='ltr'><strong>in</strong></span> <span class='ocrx_word' id='word_1_268' title='bbox 2042 1608 2248 1648; x_wconf 86' lang='lat' dir='ltr'><strong>veritatem</strong></span> 
     </span>
     <span class='ocr_line' id='line_1_23' title="bbox 276 1676 2248 1731; baseline 0.001 -14"><span class='ocrx_word' id='word_1_269' title='bbox 276 1678 498 1717; x_wconf 83' lang='lat' dir='ltr'><strong>fabularum</strong></span> <span class='ocrx_word' id='word_1_270' title='bbox 513 1679 787 1718; x_wconf 89' lang='lat' dir='ltr'><strong>Plautinarum</strong></span> <span class='ocrx_word' id='word_1_271' title='bbox 808 1679 1099 1731; x_wconf 87' lang='lat' dir='ltr'><strong>inquisiverunt</strong></span> <span class='ocrx_word' id='word_1_272' title='bbox 1118 1676 1212 1729; x_wconf 90' lang='lat' dir='ltr'><strong>(hoc</strong></span> <span class='ocrx_word' id='word_1_273' title='bbox 1233 1680 1339 1718; x_wconf 90' lang='lat' dir='ltr'><strong>enim</strong></span> <span class='ocrx_word' id='word_1_274' title='bbox 1359 1679 1513 1718; x_wconf 88' lang='lat' dir='ltr'><strong>Gellius</strong></span> <span class='ocrx_word' id='word_1_275' title='bbox 1534 1687 1712 1729; x_wconf 87' lang='lat' dir='ltr'><strong>testatur,</strong></span> <span class='ocrx_word' id='word_1_276' title='bbox 1737 1694 1825 1718; x_wconf 89' lang='lat' dir='ltr'><strong>cum</strong></span> <span class='ocrx_word' id='word_1_277' title='bbox 1847 1680 2009 1718; x_wconf 91' lang='lat' dir='ltr'><strong>ineunte</strong></span> <span class='ocrx_word' id='word_1_278' title='bbox 2029 1680 2097 1718; x_wconf 93' lang='lat' dir='ltr'><strong>illo</strong></span> <span class='ocrx_word' id='word_1_279' title='bbox 2119 1681 2248 1731; x_wconf 88' lang='lat' dir='ltr'><strong>capite</strong></span> 
     </span>
     <span class='ocr_line' id='line_1_24' title="bbox 276 1751 2249 1803; baseline 0.001 -14"><span class='ocrx_word' id='word_1_280' title='bbox 276 1751 333 1790; x_wconf 89' lang='lat' dir='ltr'><strong>ita</strong></span> <span class='ocrx_word' id='word_1_281' title='bbox 360 1751 500 1790; x_wconf 91' lang='lat' dir='ltr'><strong>scribit</strong></span> <span class='ocrx_word' id='word_1_282' title='bbox 529 1752 600 1803; x_wconf 85' lang='lat' dir='ltr'><strong>qui</strong></span> <span class='ocrx_word' id='word_1_283' title='bbox 620 1752 833 1803; x_wconf 71' lang='lat' dir='ltr'><strong>pleraeque</strong></span> <span class='ocrx_word' id='word_1_284' title='bbox 850 1752 992 1791; x_wconf 80' lang='lat' dir='ltr'><strong>Plauti</strong></span> <span class='ocrx_word' id='word_1_285' title='bbox 1018 1752 1234 1791; x_wconf 69' lang='lat' dir='ltr'><strong>comoedias</strong></span> <span class='ocrx_word' id='word_1_286' title='bbox 1256 1753 1405 1791; x_wconf 73' lang='lat' dir='ltr'><strong>curiose</strong></span> <span class='ocrx_word' id='word_1_287' title='bbox 1423 1759 1538 1803; x_wconf 80' lang='lat' dir='ltr'><strong>atque</strong></span> <span class='ocrx_word' id='word_1_288' title='bbox 1557 1759 1697 1791; x_wconf 80' lang='lat' dir='ltr'><strong>attente</strong></span> <span class='ocrx_word' id='word_1_289' title='bbox 1717 1752 1939 1791; x_wconf 70' lang='lat' dir='ltr'><strong>lecticarum</strong></span> <span class='ocrx_word' id='word_1_290' title='bbox 1955 1766 2036 1791; x_wconf 79' lang='lat' dir='ltr'><strong>non</strong></span> <span class='ocrx_word' id='word_1_291' title='bbox 2053 1752 2249 1791; x_wconf 70' lang='lat' dir='ltr'><strong>indicibus</strong></span> 
     </span>
     <span class='ocr_line' id='line_1_25' title="bbox 276 1820 2250 1876; baseline 0.001 -15"><span class='ocrx_word' id='word_1_292' title='bbox 276 1822 386 1861; x_wconf 84' lang='lat' dir='ltr'><strong>Aelii</strong></span> <span class='ocrx_word' id='word_1_293' title='bbox 410 1835 479 1861; x_wconf 78' lang='lat' dir='ltr'><strong>nec</strong></span> <span class='ocrx_word' id='word_1_294' title='bbox 500 1820 671 1875; x_wconf 72' lang='lat' dir='ltr'><strong>Sediqiti</strong></span> <span class='ocrx_word' id='word_1_295' title='bbox 695 1836 764 1862; x_wconf 80' lang='lat' dir='ltr'><strong>nec</strong></span> <span class='ocrx_word' id='word_1_296' title='bbox 784 1821 943 1863; x_wconf 85' lang='lat' dir='ltr'><strong>Claudii</strong></span> <span class='ocrx_word' id='word_1_297' title='bbox 968 1837 1037 1862; x_wconf 81' lang='lat' dir='ltr'><strong>nec</strong></span> <span class='ocrx_word' id='word_1_298' title='bbox 1055 1822 1213 1863; x_wconf 80' lang='lat' dir='ltr'><strong>Aurelii</strong></span> <span class='ocrx_word' id='word_1_299' title='bbox 1239 1837 1308 1862; x_wconf 82' lang='lat' dir='ltr'><strong>nec</strong></span> <span class='ocrx_word' id='word_1_300' title='bbox 1326 1823 1442 1862; x_wconf 84' lang='lat' dir='ltr'><strong>Accii</strong></span> <span class='ocrx_word' id='word_1_301' title='bbox 1467 1837 1536 1862; x_wconf 79' lang='lat' dir='ltr'><strong>nee</strong></span> <span class='ocrx_word' id='word_1_302' title='bbox 1556 1823 1720 1862; x_wconf 79' lang='lat' dir='ltr'><strong>Manilii</strong></span> <span class='ocrx_word' id='word_1_303' title='bbox 1746 1837 1863 1876; x_wconf 72' lang='lat' dir='ltr'><strong>super</strong></span> <span class='ocrx_word' id='word_1_304' title='bbox 1891 1823 1951 1862; x_wconf 66' lang='lat' dir='ltr'><strong>his</strong></span> <span class='ocrx_word' id='word_1_305' title='bbox 1965 1823 2124 1875; x_wconf 66' lang='lat' dir='ltr'><strong>fabulis</strong></span> <span class='ocrx_word' id='word_1_306' title='bbox 2150 1837 2250 1876; x_wconf 81' lang='lat' dir='ltr'><strong>quae</strong></span> 
     </span>
     <span class='ocr_line' id='line_1_26' title="bbox 276 1892 2248 1948; baseline 0.001 -15"><span class='ocrx_word' id='word_1_307' title='bbox 276 1894 461 1933; x_wconf 76' lang='lat' dir='ltr'><strong>dicuntur</strong></span> <span class='ocrx_word' id='word_1_308' title='bbox 479 1893 684 1946; x_wconf 76' lang='lat' dir='ltr'><strong>ambiquae</strong></span> <span class='ocrx_word' id='word_1_309' title='bbox 703 1895 941 1934; x_wconf 79' lang='lat' dir='ltr'><strong>crediturum</strong></span> <span class='ocrx_word' id='word_1_310' title='bbox 959 1895 1027 1934; x_wconf 74' lang='lat' dir='ltr'><strong>sed</strong></span> <span class='ocrx_word' id='word_1_311' title='bbox 1043 1896 1126 1947; x_wconf 72' lang='lat' dir='ltr'><strong>ipsi</strong></span> <span class='ocrx_word' id='word_1_312' title='bbox 1142 1892 1309 1946; x_wconf 79' lang='lat' dir='ltr'><strong>Plauto),</strong></span> <span class='ocrx_word' id='word_1_313' title='bbox 1333 1894 1426 1947; x_wconf 91' lang='lat' dir='ltr'><strong>quid</strong></span> <span class='ocrx_word' id='word_1_314' title='bbox 1449 1900 1558 1934; x_wconf 86' lang='lat' dir='ltr'><strong>vetat</strong></span> <span class='ocrx_word' id='word_1_315' title='bbox 1578 1901 1749 1934; x_wconf 84' lang='lat' dir='ltr'><strong>statuere</strong></span> <span class='ocrx_word' id='word_1_316' title='bbox 1771 1894 1929 1934; x_wconf 89' lang='lat' dir='ltr'><strong>illorum</strong></span> <span class='ocrx_word' id='word_1_317' title='bbox 1954 1909 2041 1934; x_wconf 90' lang='lat' dir='ltr'><strong>eum</strong></span> <span class='ocrx_word' id='word_1_318' title='bbox 2070 1895 2248 1948; x_wconf 90' lang='lat' dir='ltr'><strong>opinioni</strong></span> 
     </span>
     <span class='ocr_line' id='line_1_27' title="bbox 276 1966 2247 2019; baseline 0.001 -15"><span class='ocrx_word' id='word_1_319' title='bbox 276 1980 390 2004; x_wconf 91' lang='lat' dir='ltr'><strong>suum</strong></span> <span class='ocrx_word' id='word_1_320' title='bbox 414 1966 647 2018; x_wconf 88' lang='lat' dir='ltr'><strong>opposuisse</strong></span> <span class='ocrx_word' id='word_1_321' title='bbox 672 1966 861 2005; x_wconf 91' lang='lat' dir='ltr'><strong>iudicium</strong></span> <span class='ocrx_word' id='word_1_322' title='bbox 882 1967 1136 2019; x_wconf 89' lang='lat' dir='ltr'><strong>prologorum</strong></span> <span class='ocrx_word' id='word_1_323' title='bbox 1157 1967 1267 2006; x_wconf 89' lang='lat' dir='ltr'><strong>nulla</strong></span> <span class='ocrx_word' id='word_1_324' title='bbox 1287 1967 1425 2006; x_wconf 87' lang='lat' dir='ltr'><strong>habita</strong></span> <span class='ocrx_word' id='word_1_325' title='bbox 1444 1968 1622 2006; x_wconf 79' lang='lat' dir='ltr'><strong>ratione?</strong></span> <span class='ocrx_word' id='word_1_326' title='bbox 1657 1966 1736 2016; x_wconf 81' lang='lat' dir='ltr'><strong>Qui</strong></span> <span class='ocrx_word' id='word_1_327' title='bbox 1764 1967 1869 2019; x_wconf 92' lang='lat' dir='ltr'><strong>quod</strong></span> <span class='ocrx_word' id='word_1_328' title='bbox 1896 1968 1985 2006; x_wconf 91' lang='lat' dir='ltr'><strong>aliis</strong></span> <span class='ocrx_word' id='word_1_329' title='bbox 2008 1968 2247 2019; x_wconf 89' lang='lat' dir='ltr'><strong>obloquitur,</strong></span> 
     </span>
     <span class='ocr_line' id='line_1_28' title="bbox 275 2038 2248 2091; baseline 0.001 -14"><span class='ocrx_word' id='word_1_330' title='bbox 275 2038 372 2077; x_wconf 86' lang='lat' dir='ltr'><strong>satis</strong></span> <span class='ocrx_word' id='word_1_331' title='bbox 388 2051 532 2078; x_wconf 88' lang='lat' dir='ltr'><strong>causae</strong></span> <span class='ocrx_word' id='word_1_332' title='bbox 552 2045 613 2078; x_wconf 89' lang='lat' dir='ltr'><strong>est</strong></span> <span class='ocrx_word' id='word_1_333' title='bbox 633 2052 702 2078; x_wconf 90' lang='grc'><strong>0111·</strong></span> <span class='ocrx_word' id='word_1_334' title='bbox 721 2040 901 2089; x_wconf 86' lang='lat' dir='ltr'><strong>graviore</strong></span> <span class='ocrx_word' id='word_1_335' title='bbox 921 2039 1093 2090; x_wconf 88' lang='lat' dir='ltr'><strong>negandi</strong></span> <span class='ocrx_word' id='word_1_336' title='bbox 1111 2039 1280 2078; x_wconf 88' lang='lat' dir='ltr'><strong>formula</strong></span> <span class='ocrx_word' id='word_1_337' title='bbox 1300 2046 1448 2078; x_wconf 89' lang='lat' dir='ltr'><strong>utatur:</strong></span> <span class='ocrx_word' id='word_1_338' title='bbox 1470 2039 1610 2079; x_wconf 84' lang='lat' dir='ltr'><strong>fortius</strong></span> <span class='ocrx_word' id='word_1_339' title='bbox 1632 2041 1738 2078; x_wconf 91' lang='lat' dir='ltr'><strong>enim</strong></span> <span class='ocrx_word' id='word_1_340' title='bbox 1759 2047 1878 2091; x_wconf 90' lang='lat' dir='ltr'><strong>negat</strong></span> <span class='ocrx_word' id='word_1_341' title='bbox 1898 2040 1966 2091; x_wconf 92' lang='lat' dir='ltr'><strong>qui</strong></span> <span class='ocrx_word' id='word_1_342' title='bbox 1982 2039 2079 2079; x_wconf 88' lang='lat' dir='ltr'><strong>dicit</strong></span> <span class='ocrx_word' id='word_1_343' title='bbox 2093 2040 2248 2079; x_wconf 81' lang='lat' dir='ltr'><strong>fabulas</strong></span> 
     </span>
     <span class='ocr_line' id='line_1_29' title="bbox 275 2107 2248 2164; baseline 0.002 -16"><span class='ocrx_word' id='word_1_344' title='bbox 275 2107 407 2148; x_wconf 89' lang='lat' dir='ltr'><strong>Plauti</strong></span> <span class='ocrx_word' id='word_1_345' title='bbox 435 2123 653 2162; x_wconf 87' lang='lat' dir='ltr'><strong>numquam</strong></span> <span class='ocrx_word' id='word_1_346' title='bbox 681 2109 805 2151; x_wconf 85' lang='lat' dir='ltr'><strong>fuisse</strong></span> <span class='ocrx_word' id='word_1_347' title='bbox 834 2123 953 2163; x_wconf 92' lang='lat' dir='ltr'><strong>quam</strong></span> <span class='ocrx_word' id='word_1_348' title='bbox 982 2110 1051 2163; x_wconf 93' lang='lat' dir='ltr'><strong>qui</strong></span> <span class='ocrx_word' id='word_1_349' title='bbox 1070 2108 1203 2150; x_wconf 91' lang='lat' dir='ltr'><strong>Plauti</strong></span> <span class='ocrx_word' id='word_1_350' title='bbox 1228 2124 1306 2150; x_wconf 93' lang='lat' dir='ltr'><strong>non</strong></span> <span class='ocrx_word' id='word_1_351' title='bbox 1327 2124 1427 2161; x_wconf 87' lang='lat' dir='ltr'><strong>esse,</strong></span> <span class='ocrx_word' id='word_1_352' title='bbox 1459 2123 1698 2164; x_wconf 84' lang='lat' dir='ltr'><strong>quamquam</strong></span> <span class='ocrx_word' id='word_1_353' title='bbox 1718 2124 1768 2150; x_wconf 90' lang='lat' dir='ltr'><strong>ne</strong></span> <span class='ocrx_word' id='word_1_354' title='bbox 1789 2111 1954 2151; x_wconf 92' lang='lat' dir='ltr'><strong>nimium</strong></span> <span class='ocrx_word' id='word_1_355' title='bbox 1976 2110 2068 2151; x_wconf 92' lang='lat' dir='ltr'><strong>huic</strong></span> <span class='ocrx_word' id='word_1_356' title='bbox 2091 2110 2248 2151; x_wconf 89' lang='lat' dir='ltr'><strong>dicendi</strong></span> 
     </span>
     <span class='ocr_line' id='line_1_30' title="bbox 273 2180 2247 2236; baseline 0.001 -17"><span class='ocrx_word' id='word_1_357' title='bbox 273 2180 391 2219; x_wconf 91' lang='lat' dir='ltr'><strong>modo</strong></span> <span class='ocrx_word' id='word_1_358' title='bbox 410 2181 644 2233; x_wconf 88' lang='lat' dir='ltr'><strong>tribuamus,</strong></span> <span class='ocrx_word' id='word_1_359' title='bbox 675 2183 1010 2222; x_wconf 88' lang='lat' dir='ltr'><strong>reminiscendum</strong></span> <span class='ocrx_word' id='word_1_360' title='bbox 1040 2189 1111 2233; x_wconf 90' lang='lat' dir='ltr'><strong>est,</strong></span> <span class='ocrx_word' id='word_1_361' title='bbox 1142 2183 1247 2235; x_wconf 90' lang='lat' dir='ltr'><strong>apud</strong></span> <span class='ocrx_word' id='word_1_362' title='bbox 1276 2184 1448 2223; x_wconf 86' lang='lat' dir='ltr'><strong>comicos</strong></span> <span class='ocrx_word' id='word_1_363' title='bbox 1477 2197 1691 2236; x_wconf 76' lang='lat' dir='ltr'><strong>numquam</strong></span> <span class='ocrx_word' id='word_1_364' title='bbox 1720 2184 1839 2223; x_wconf 87' lang='lat' dir='ltr'><strong>nimis</strong></span> <span class='ocrx_word' id='word_1_365' title='bbox 1871 2197 1988 2236; x_wconf 87' lang='lat' dir='ltr'><strong>saepe</strong></span> <span class='ocrx_word' id='word_1_366' title='bbox 2014 2185 2054 2222; x_wconf 91' lang='grc'><strong>111</strong></span> <span class='ocrx_word' id='word_1_367' title='bbox 2076 2183 2247 2236; x_wconf 87' lang='lat' dir='ltr'><strong>simplici</strong></span> 
     </span>
     <span class='ocr_line' id='line_1_31' title="bbox 273 2253 2246 2307; baseline 0.002 -16"><span class='ocrx_word' id='word_1_368' title='bbox 273 2253 484 2303; x_wconf 87' lang='lat' dir='ltr'><strong>negatione</strong></span> <span class='ocrx_word' id='word_1_369' title='bbox 499 2254 592 2304; x_wconf 92' lang='lat' dir='ltr'><strong>poni</strong></span> <span class='ocrx_word' id='word_1_370' title='bbox 614 2254 751 2305; x_wconf 85' lang='lat' dir='ltr'><strong>solere,</strong></span> <span class='ocrx_word' id='word_1_371' title='bbox 770 2255 889 2305; x_wconf 85' lang='lat' dir='ltr'><strong>velut,</strong></span> <span class='ocrx_word' id='word_1_372' title='bbox 908 2262 950 2293; x_wconf 91' lang='lat' dir='ltr'><strong>ut</strong></span> <span class='ocrx_word' id='word_1_373' title='bbox 965 2255 1039 2294; x_wconf 88' lang='lat' dir='ltr'><strong>hoc</strong></span> <span class='ocrx_word' id='word_1_374' title='bbox 1059 2256 1242 2307; x_wconf 85' lang='lat' dir='ltr'><strong>exemplo</strong></span> <span class='ocrx_word' id='word_1_375' title='bbox 1258 2262 1414 2294; x_wconf 86' lang='lat' dir='ltr'><strong>utamur</strong></span> <span class='ocrx_word' id='word_1_376' title='bbox 1433 2257 1474 2294; x_wconf 89' lang='lat' dir='ltr'><strong>in</strong></span> <span class='ocrx_word' id='word_1_377' title='bbox 1495 2270 1536 2295; x_wconf 90' lang='lat' dir='ltr'><strong>re</strong></span> <span class='ocrx_word' id='word_1_378' title='bbox 1557 2262 1662 2307; x_wconf 87' lang='lat' dir='ltr'><strong>nota,</strong></span> <span class='ocrx_word' id='word_1_379' title='bbox 1681 2257 1891 2295; x_wconf 86' lang='lat' dir='ltr'><strong>Terentius</strong></span> <span class='ocrx_word' id='word_1_380' title='bbox 1907 2257 1964 2295; x_wconf 92' lang='lat' dir='ltr'><strong>ait</strong></span> <span class='ocrx_word' id='word_1_381' title='bbox 1978 2256 2105 2295; x_wconf 91' lang='lat' dir='ltr'><strong>Andr.</strong></span> <span class='ocrx_word' id='word_1_382' title='bbox 2121 2268 2151 2295; x_wconf 94' lang='lat'><strong>11</strong></span> <span class='ocrx_word' id='word_1_383' title='bbox 2166 2257 2203 2306; x_wconf 86' lang='lat'><strong>4,</strong></span> <span class='ocrx_word' id='word_1_384' title='bbox 2224 2256 2246 2295; x_wconf 83' lang='lat'><strong>7</strong></span> 
     </span>
     <span class='ocr_line' id='line_1_32' title="bbox 272 2325 2245 2381; baseline 0.002 -18"><span class='ocrx_word' id='word_1_385' title='bbox 272 2338 486 2377; x_wconf 78' lang='lat' dir='ltr'><strong>numquam</strong></span> <span class='ocrx_word' id='word_1_386' title='bbox 514 2325 628 2364; x_wconf 77' lang='lat' dir='ltr'><strong>hodie</strong></span> <span class='ocrx_word' id='word_1_387' title='bbox 656 2333 778 2365; x_wconf 80' lang='lat' dir='ltr'><strong>tecum</strong></span> <span class='ocrx_word' id='word_1_388' title='bbox 807 2335 1130 2367; x_wconf 79' lang='lat' dir='ltr'><strong>commutaturum</strong></span> <span class='ocrx_word' id='word_1_389' title='bbox 1150 2335 1304 2380; x_wconf 78' lang='lat' dir='ltr'><strong>patrem</strong></span> <span class='ocrx_word' id='word_1_390' title='bbox 1322 2342 1443 2367; x_wconf 75' lang='lat' dir='ltr'><strong>unum</strong></span> <span class='ocrx_word' id='word_1_391' title='bbox 1463 2342 1541 2367; x_wconf 71' lang='lat' dir='ltr'><strong>esee</strong></span> <span class='ocrx_word' id='word_1_392' title='bbox 1559 2328 1717 2367; x_wconf 85' lang='lat' dir='ltr'><strong>verbum</strong></span> <span class='ocrx_word' id='word_1_393' title='bbox 1723 2344 1736 2375; x_wconf 90' lang='lat'><em>;</em></span> <span class='ocrx_word' id='word_1_394' title='bbox 1757 2328 1805 2369; x_wconf 88' lang='lat' dir='ltr'><strong>ad</strong></span> <span class='ocrx_word' id='word_1_395' title='bbox 1827 2342 1928 2381; x_wconf 91' lang='lat' dir='ltr'><strong>quae</strong></span> <span class='ocrx_word' id='word_1_396' title='bbox 1950 2327 2130 2367; x_wconf 92' lang='lat' dir='ltr'><strong>Donatus</strong></span> <span class='ocrx_word' id='word_1_397' title='bbox 2151 2342 2245 2367; x_wconf 90' lang='lat' dir='ltr'><strong>sane</strong></span> 
     </span>
     <span class='ocr_line' id='line_1_33' title="bbox 273 2396 2246 2452; baseline 0.002 -17"><span class='ocrx_word' id='word_1_398' title='bbox 273 2396 437 2436; x_wconf 91' lang='lat' dir='ltr'><strong>adnotat</strong></span> <span class='ocrx_word' id='word_1_399' title='bbox 469 2410 683 2449; x_wconf 77' lang='lat' dir='ltr'><strong>numquam</strong></span> <span class='ocrx_word' id='word_1_400' title='bbox 715 2399 806 2451; x_wconf 71' lang='lat' dir='ltr'><strong>plue</strong></span> <span class='ocrx_word' id='word_1_401' title='bbox 842 2401 1137 2439; x_wconf 69' lang='lat' dir='ltr'><strong>asseverationis</strong></span> <span class='ocrx_word' id='word_1_402' title='bbox 1171 2399 1285 2439; x_wconf 74' lang='lat' dir='ltr'><strong>habet</strong></span> <span class='ocrx_word' id='word_1_403' title='bbox 1318 2414 1436 2452; x_wconf 81' lang='lat' dir='ltr'><strong>quam</strong></span> <span class='ocrx_word' id='word_1_404' title='bbox 1468 2414 1557 2440; x_wconf 81' lang='lat' dir='ltr'><strong>non.</strong></span> <span class='ocrx_word' id='word_1_405' title='bbox 1604 2399 1778 2440; x_wconf 90' lang='lat' dir='ltr'><strong>Omnino</strong></span> <span class='ocrx_word' id='word_1_406' title='bbox 1813 2400 1914 2439; x_wconf 89' lang='lat' dir='ltr'><strong>nihil</strong></span> <span class='ocrx_word' id='word_1_407' title='bbox 1949 2399 2150 2439; x_wconf 90' lang='lat' dir='ltr'><strong>difficilius</strong></span> <span class='ocrx_word' id='word_1_408' title='bbox 2186 2406 2246 2439; x_wconf 89' lang='lat' dir='ltr'><strong>est</strong></span> 
     </span>
     <span class='ocr_line' id='line_1_34' title="bbox 273 2467 2244 2523; baseline 0.001 -17"><span class='ocrx_word' id='word_1_409' title='bbox 273 2474 341 2507; x_wconf 90' lang='lat' dir='ltr'><strong>aut</strong></span> <span class='ocrx_word' id='word_1_410' title='bbox 368 2467 628 2520; x_wconf 88' lang='lat' dir='ltr'><strong>periculosius</strong></span> <span class='ocrx_word' id='word_1_411' title='bbox 649 2481 767 2520; x_wconf 88' lang='lat' dir='ltr'><strong>quam</strong></span> <span class='ocrx_word' id='word_1_412' title='bbox 798 2471 1016 2509; x_wconf 90' lang='lat' dir='ltr'><strong>orationem</strong></span> <span class='ocrx_word' id='word_1_413' title='bbox 1047 2485 1097 2509; x_wconf 85' lang='lat' dir='ltr'><strong>ex</strong></span> <span class='ocrx_word' id='word_1_414' title='bbox 1126 2485 1197 2510; x_wconf 93' lang='lat' dir='ltr'><strong>suo</strong></span> <span class='ocrx_word' id='word_1_415' title='bbox 1227 2478 1363 2510; x_wconf 89' lang='lat' dir='ltr'><strong>tenore</strong></span> <span class='ocrx_word' id='word_1_416' title='bbox 1392 2472 1604 2522; x_wconf 89' lang='lat' dir='ltr'><strong>sublatam,</strong></span> <span class='ocrx_word' id='word_1_417' title='bbox 1636 2485 1724 2510; x_wconf 90' lang='lat' dir='ltr'><strong>cum</strong></span> <span class='ocrx_word' id='word_1_418' title='bbox 1746 2485 1815 2523; x_wconf 88' lang='lat' dir='ltr'><strong>per</strong></span> <span class='ocrx_word' id='word_1_419' title='bbox 1835 2485 1877 2510; x_wconf 89' lang='lat' dir='ltr'><strong>se</strong></span> <span class='ocrx_word' id='word_1_420' title='bbox 1898 2478 2109 2522; x_wconf 87' lang='lat' dir='ltr'><strong>spectatur,</strong></span> <span class='ocrx_word' id='word_1_421' title='bbox 2141 2471 2244 2509; x_wconf 89' lang='lat' dir='ltr'><strong>iuste</strong></span> 
     </span>
     <span class='ocr_line' id='line_1_35' title="bbox 272 2539 2244 2595; baseline 0.002 -17"><span class='ocrx_word' id='word_1_422' title='bbox 272 2546 410 2579; x_wconf 84' lang='lat' dir='ltr'><strong>taxare</strong></span> <span class='ocrx_word' id='word_1_423' title='bbox 440 2540 497 2579; x_wconf 89' lang='lat' dir='ltr'><strong>sic</strong></span> <span class='ocrx_word' id='word_1_424' title='bbox 526 2546 570 2578; x_wconf 81' lang='lat' dir='ltr'><strong>ut</strong></span> <span class='ocrx_word' id='word_1_425' title='bbox 597 2539 698 2578; x_wconf 87' lang='lat' dir='ltr'><strong>nihil</strong></span> <span class='ocrx_word' id='word_1_426' title='bbox 727 2540 763 2579; x_wconf 91' lang='lat' dir='ltr'><strong>ei</strong></span> <span class='ocrx_word' id='word_1_427' title='bbox 792 2541 882 2593; x_wconf 91' lang='lat' dir='ltr'><strong>plus</strong></span> <span class='ocrx_word' id='word_1_428' title='bbox 912 2543 1110 2581; x_wconf 85' lang='lat' dir='ltr'><strong>tribuatur</strong></span> <span class='ocrx_word' id='word_1_429' title='bbox 1138 2556 1265 2595; x_wconf 90' lang='lat' dir='ltr'><strong>neque</strong></span> <span class='ocrx_word' id='word_1_430' title='bbox 1296 2543 1427 2582; x_wconf 91' lang='lat' dir='ltr'><strong>minus</strong></span> <span class='ocrx_word' id='word_1_431' title='bbox 1448 2556 1565 2595; x_wconf 90' lang='lat' dir='ltr'><strong>quam</strong></span> <span class='ocrx_word' id='word_1_432' title='bbox 1587 2556 1656 2594; x_wconf 87' lang='lat' dir='ltr'><strong>par</strong></span> <span class='ocrx_word' id='word_1_433' title='bbox 1676 2544 1739 2581; x_wconf 89' lang='lat' dir='ltr'><strong>sit.</strong></span> <span class='ocrx_word' id='word_1_434' title='bbox 1771 2541 1890 2581; x_wconf 85' lang='lat' dir='ltr'><strong>Velut</strong></span> <span class='ocrx_word' id='word_1_435' title='bbox 1910 2542 1950 2580; x_wconf 91' lang='lat' dir='ltr'><strong>in</strong></span> <span class='ocrx_word' id='word_1_436' title='bbox 1972 2541 2089 2580; x_wconf 91' lang='lat' dir='ltr'><strong>Accii</strong></span> <span class='ocrx_word' id='word_1_437' title='bbox 2111 2543 2244 2582; x_wconf 81' lang='lat' dir='ltr'><strong>verbis</strong></span> 
     </span>
     <span class='ocr_line' id='line_1_36' title="bbox 273 2612 2245 2667; baseline 0.002 -16"><span class='ocrx_word' id='word_1_438' title='bbox 273 2612 377 2664; x_wconf 87' lang='lat' dir='ltr'><strong>quod</strong></span> <span class='ocrx_word' id='word_1_439' title='bbox 397 2612 594 2664; x_wconf 90' lang='lat' dir='ltr'><strong>prioribus</strong></span> <span class='ocrx_word' id='word_1_440' title='bbox 613 2612 829 2652; x_wconf 85' lang='lat' dir='ltr'><strong>comoediis</strong></span> <span class='ocrx_word' id='word_1_441' title='bbox 850 2628 920 2665; x_wconf 91' lang='lat' dir='ltr'><strong>per</strong></span> <span class='ocrx_word' id='word_1_442' title='bbox 942 2614 1157 2665; x_wconf 86' lang='lat' dir='ltr'><strong>particulas</strong></span> <span class='ocrx_word' id='word_1_443' title='bbox 1172 2629 1295 2667; x_wconf 83' lang='lat' dir='ltr'><strong>neque</strong></span> <span class='ocrx_word' id='word_1_444' title='bbox 1314 2616 1410 2653; x_wconf 86' lang='lat' dir='ltr'><strong>adeo</strong></span> <span class='ocrx_word' id='word_1_445' title='bbox 1432 2615 1532 2653; x_wconf 87' lang='lat' dir='ltr'><strong>duae</strong></span> <span class='ocrx_word' id='word_1_446' title='bbox 1552 2629 1651 2666; x_wconf 85' lang='lat' dir='ltr'><strong>quae</strong></span> <span class='ocrx_word' id='word_1_447' title='bbox 1667 2622 1819 2653; x_wconf 84' lang='lat' dir='ltr'><strong>restant</strong></span> <span class='ocrx_word' id='word_1_448' title='bbox 1833 2613 2045 2664; x_wconf 88' lang='lat' dir='ltr'><strong>adduntur,</strong></span> <span class='ocrx_word' id='word_1_449' title='bbox 2068 2628 2148 2653; x_wconf 91' lang='lat' dir='ltr'><strong>non</strong></span> <span class='ocrx_word' id='word_1_450' title='bbox 2171 2614 2245 2654; x_wconf 88' lang='grc' dir='ltr'><strong>11οο</strong></span> 
     </span>
     <span class='ocr_line' id='line_1_37' title="bbox 272 2683 2245 2736; baseline 0.001 -12"><span class='ocrx_word' id='word_1_451' title='bbox 272 2684 434 2735; x_wconf 87' lang='lat' dir='ltr'><strong>indicat,</strong></span> <span class='ocrx_word' id='word_1_452' title='bbox 450 2690 492 2724; x_wconf 90' lang='lat' dir='ltr'><strong>ut</strong></span> <span class='ocrx_word' id='word_1_453' title='bbox 505 2684 621 2724; x_wconf 90' lang='lat' dir='ltr'><strong>nobis</strong></span> <span class='ocrx_word' id='word_1_454' title='bbox 642 2683 808 2735; x_wconf 89' lang='lat' dir='ltr'><strong>videtur,</strong></span> <span class='ocrx_word' id='word_1_455' title='bbox 830 2685 957 2735; x_wconf 87' lang='lat' dir='ltr'><strong>magis</strong></span> <span class='ocrx_word' id='word_1_456' title='bbox 977 2686 1122 2725; x_wconf 91' lang='lat' dir='ltr'><strong>mirum</strong></span> <span class='ocrx_word' id='word_1_457' title='bbox 1143 2700 1230 2726; x_wconf 90' lang='lat' dir='ltr'><strong>esse</strong></span> <span class='ocrx_word' id='word_1_458' title='bbox 1251 2692 1318 2725; x_wconf 90' lang='lat' dir='ltr'><strong>aut</strong></span> <span class='ocrx_word' id='word_1_459' title='bbox 1339 2686 1469 2725; x_wconf 92' lang='lat' dir='ltr'><strong>minus</strong></span> <span class='ocrx_word' id='word_1_460' title='bbox 1487 2685 1689 2736; x_wconf 87' lang='lat' dir='ltr'><strong>credibile,</strong></span> <span class='ocrx_word' id='word_1_461' title='bbox 1713 2685 1784 2725; x_wconf 90' lang='lat' dir='ltr'><strong>has</strong></span> <span class='ocrx_word' id='word_1_462' title='bbox 1802 2685 1920 2726; x_wconf 88' lang='lat' dir='ltr'><strong>etiam</strong></span> <span class='ocrx_word' id='word_1_463' title='bbox 1937 2701 1960 2725; x_wconf 86' lang='lat' dir='ltr'><strong>a</strong></span> <span class='ocrx_word' id='word_1_464' title='bbox 1975 2686 2119 2726; x_wconf 91' lang='lat' dir='ltr'><strong>Plauto</strong></span> <span class='ocrx_word' id='word_1_465' title='bbox 2135 2686 2245 2727; x_wconf 91' lang='lat' dir='ltr'><strong>abiu·</strong></span> 
     </span>
     <span class='ocr_line' id='line_1_38' title="bbox 273 2755 2246 2811; baseline 0.002 -15"><span class='ocrx_word' id='word_1_466' title='bbox 273 2756 412 2797; x_wconf 92' lang='lat' dir='ltr'><strong>dicari:</strong></span> <span class='ocrx_word' id='word_1_467' title='bbox 436 2762 479 2796; x_wconf 88' lang='lat' dir='ltr'><strong>ut</strong></span> <span class='ocrx_word' id='word_1_468' title='bbox 493 2756 720 2807; x_wconf 87' lang='lat' dir='ltr'><strong>Agroecum</strong></span> <span class='ocrx_word' id='word_1_469' title='bbox 739 2755 955 2806; x_wconf 88' lang='lat' dir='ltr'><strong>mittamus,</strong></span> <span class='ocrx_word' id='word_1_470' title='bbox 984 2755 1033 2796; x_wconf 87' lang='lat' dir='ltr'><strong>de</strong></span> <span class='ocrx_word' id='word_1_471' title='bbox 1058 2770 1138 2809; x_wconf 86' lang='lat' dir='ltr'><strong>qua</strong></span> <span class='ocrx_word' id='word_1_472' title='bbox 1152 2755 1253 2796; x_wconf 91' lang='lat' dir='ltr'><strong>nihil</strong></span> <span class='ocrx_word' id='word_1_473' title='bbox 1274 2762 1519 2808; x_wconf 85' lang='lat' dir='ltr'><strong>compertum</strong></span> <span class='ocrx_word' id='word_1_474' title='bbox 1540 2763 1610 2808; x_wconf 91' lang='lat' dir='ltr'><strong>est,</strong></span> <span class='ocrx_word' id='word_1_475' title='bbox 1634 2771 1683 2797; x_wconf 91' lang='lat' dir='ltr'><strong>ne</strong></span> <span class='ocrx_word' id='word_1_476' title='bbox 1700 2755 2019 2798; x_wconf 88' lang='lat' dir='ltr'><strong>Commorientes</strong></span> <span class='ocrx_word' id='word_1_477' title='bbox 2040 2758 2203 2811; x_wconf 89' lang='lat' dir='ltr'><strong>quidem</strong></span> <span class='ocrx_word' id='word_1_478' title='bbox 2223 2773 2246 2798; x_wconf 87' lang='lat' dir='ltr'><strong>a</strong></span> 
     </span>
     <span class='ocr_line' id='line_1_39' title="bbox 272 2827 2246 2884; baseline 0.002 -16"><span class='ocrx_word' id='word_1_479' title='bbox 272 2828 458 2868; x_wconf 90' lang='lat' dir='ltr'><strong>Terentio</strong></span> <span class='ocrx_word' id='word_1_480' title='bbox 483 2833 668 2867; x_wconf 87' lang='lat' dir='ltr'><strong>testatam</strong></span> <span class='ocrx_word' id='word_1_481' title='bbox 687 2827 863 2867; x_wconf 78' lang='lat' dir='ltr'><strong>fabulam</strong></span> <span class='ocrx_word' id='word_1_482' title='bbox 884 2827 954 2867; x_wconf 91' lang='lat' dir='ltr'><strong>sed</strong></span> <span class='ocrx_word' id='word_1_483' title='bbox 974 2841 998 2867; x_wconf 92' lang='lat' dir='ltr'><strong>a</strong></span> <span class='ocrx_word' id='word_1_484' title='bbox 1016 2828 1197 2867; x_wconf 90' lang='lat' dir='ltr'><strong>Varrone</strong></span> <span class='ocrx_word' id='word_1_485' title='bbox 1217 2828 1360 2879; x_wconf 86' lang='lat' dir='ltr'><strong>viginti</strong></span> <span class='ocrx_word' id='word_1_486' title='bbox 1381 2829 1496 2868; x_wconf 87' lang='lat' dir='ltr'><strong>unius</strong></span> <span class='ocrx_word' id='word_1_487' title='bbox 1518 2828 1741 2868; x_wconf 84' lang='lat' dir='ltr'><strong>fabularum</strong></span> <span class='ocrx_word' id='word_1_488' title='bbox 1761 2843 1925 2882; x_wconf 88' lang='lat' dir='ltr'><strong>corpore</strong></span> <span class='ocrx_word' id='word_1_489' title='bbox 1945 2844 2026 2870; x_wconf 89' lang='lat' dir='ltr'><strong>non</strong></span> <span class='ocrx_word' id='word_1_490' title='bbox 2046 2838 2246 2884; x_wconf 87' lang='lat' dir='ltr'><strong>receptam</strong></span> 
     </span>
     <span class='ocr_line' id='line_1_40' title="bbox 270 2900 2245 2955; baseline 0.001 -15"><span class='ocrx_word' id='word_1_491' title='bbox 270 2906 455 2953; x_wconf 83' lang='lat' dir='ltr'><strong>putamus</strong></span> <span class='ocrx_word' id='word_1_492' title='bbox 474 2900 578 2940; x_wconf 88' lang='lat' dir='ltr'><strong>hanc</strong></span> <span class='ocrx_word' id='word_1_493' title='bbox 597 2900 680 2940; x_wconf 83' lang='lat' dir='ltr'><strong>vim</strong></span> <span class='ocrx_word' id='word_1_494' title='bbox 699 2900 808 2940; x_wconf 82' lang='lat' dir='ltr'><strong>vocis</strong></span> <span class='ocrx_word' id='word_1_495' title='bbox 828 2900 1019 2951; x_wconf 85' lang='lat' dir='ltr'><strong>flagitare,</strong></span> <span class='ocrx_word' id='word_1_496' title='bbox 1041 2913 1282 2952; x_wconf 89' lang='lat' dir='ltr'><strong>quamquam</strong></span> <span class='ocrx_word' id='word_1_497' title='bbox 1304 2900 1548 2940; x_wconf 87' lang='lat' dir='ltr'><strong>Ritschelius</strong></span> <span class='ocrx_word' id='word_1_498' title='bbox 1570 2901 1666 2941; x_wconf 92' lang='lat' dir='ltr'><strong>olim</strong></span> <span class='ocrx_word' id='word_1_499' title='bbox 1685 2900 1863 2954; x_wconf 87' lang='lat' dir='ltr'><strong>(Parerg.</strong></span> <span class='ocrx_word' id='word_1_500' title='bbox 1880 2916 1917 2955; x_wconf 93' lang='lat' dir='ltr'><strong>p.</strong></span> <span class='ocrx_word' id='word_1_501' title='bbox 1940 2901 2021 2955; x_wconf 80' lang='lat'><strong>15),</strong></span> <span class='ocrx_word' id='word_1_502' title='bbox 2041 2917 2147 2943; x_wconf 91' lang='lat' dir='ltr'><strong>nunc</strong></span> <span class='ocrx_word' id='word_1_503' title='bbox 2162 2903 2245 2942; x_wconf 90' lang='lat' dir='ltr'><strong>Leo</strong></span> 
     </span>
    </p>
   </div>
   <div class='ocr_carea' id='block_1_3' title="bbox 270 2972 2246 3083">
    <p class='ocr_par' dir='ltr' id='par_1_3' title="bbox 270 2972 2246 3083">
     <span class='ocr_line' id='line_1_41' title="bbox 270 2972 2246 3025; baseline 0.001 -12"><span class='ocrx_word' id='word_1_504' title='bbox 270 2972 386 3013; x_wconf 84' lang='lat' dir='ltr'><strong>aliter</strong></span> <span class='ocrx_word' id='word_1_505' title='bbox 414 2973 607 3024; x_wconf 85' lang='lat' dir='ltr'><strong>sentiunt3</strong></span> <span class='ocrx_word' id='word_1_506' title='bbox 639 2973 707 3013; x_wconf 91' lang='lat' dir='ltr'><strong>sed</strong></span> <span class='ocrx_word' id='word_1_507' title='bbox 738 2973 795 3012; x_wconf 90' lang='lat' dir='ltr'><strong>ita</strong></span> <span class='ocrx_word' id='word_1_508' title='bbox 822 2973 1138 3025; x_wconf 85' lang='lat' dir='ltr'><strong>interpretamur,</strong></span> <span class='ocrx_word' id='word_1_509' title='bbox 1171 2979 1213 3012; x_wconf 91' lang='lat' dir='ltr'><strong>ut</strong></span> <span class='ocrx_word' id='word_1_510' title='bbox 1242 2973 1335 3025; x_wconf 91' lang='lat' dir='ltr'><strong>quia</strong></span> <span class='ocrx_word' id='word_1_511' title='bbox 1369 2974 1612 3014; x_wconf 90' lang='lat' dir='ltr'><strong>enumeratio</strong></span> <span class='ocrx_word' id='word_1_512' title='bbox 1647 2974 1871 3014; x_wconf 84' lang='lat' dir='ltr'><strong>fabularum</strong></span> <span class='ocrx_word' id='word_1_513' title='bbox 1900 2975 2091 3015; x_wconf 88' lang='lat' dir='ltr'><strong>falsarum</strong></span> <span class='ocrx_word' id='word_1_514' title='bbox 2125 2976 2246 3015; x_wconf 86' lang='lat' dir='ltr'><strong>etiam</strong></span> 
     </span>
     <span class='ocr_line' id='line_1_42' title="bbox 1937 3050 1957 3083; baseline 0 0"><span class='ocrx_word' id='word_1_515' title='bbox 1937 3050 1957 3083; x_wconf 80' lang='lat'><strong>2</strong></span> 
     </span>
    </p>
   </div>
  </div>
 </body>
</html>
