2545 3397
1276 92 1300 131 8

559 203 663 242 Ibid.
680 215 711 242 11
729 203 794 252 21,
817 202 870 240 52
903 203 1001 254 quid
1020 203 1160 253 cupide
1178 217 1204 240 a
1223 209 1382 241 senatu
1403 201 1502 251 quid
1519 200 1842 250 temerefiebat3
1877 199 1952 239 hoe
1973 209 2034 240 est
2054 201 2159 240 enim
2176 201 2274 253 quid

692 273 834 325 cupide
854 274 952 324 quid
971 281 1109 312 temere
1128 289 1151 312 a
1173 280 1333 312 senatu
1347 270 1479 321 fiebat.

559 345 661 385 Ibid.
678 357 709 385 11
730 346 794 396 36,
813 346 863 385 91
896 359 943 385 ne
964 359 1044 397 qua
1060 353 1150 398 post
1166 345 1260 384 Idus
1276 343 1445 384 Martiae
1464 342 1720 382 immunitatis
1740 340 1900 381 tabula
1919 354 2012 381 neve
2031 343 2140 382 cuiue
2160 341 2271 383 bene-

680 417 1040 470 flciifiyeretur,·
1061 417 1166 469 quod
1183 416 1332 467 maluit,
1355 428 1442 455 cum
1459 420 1595 467 posset
1623 428 1671 453 ne
1690 427 1769 467 qua
1784 414 2042 452 immunitatis
2056 428 2149 453 neve
2163 416 2272 453 cuius

692 488 868 541 beneficii
885 489 1018 529 tabula
1029 486 1237 542 fiqeretur?

558 560 664 599 Ibid.
685 572 731 601 XI
752 562 789 612 6,
815 562 865 601 15
896 563 994 614 quid
1014 563 1114 599 enim
1135 562 1306 599 atrocius
1322 561 1479 612 potuit
1499 560 1596 610 quid
1614 560 1781 596 severius
1802 558 2047 596 decernere

543 632 656 671 ‚Post
680 632 764 671 red.
786 634 825 671 in
848 646 930 671 sen.
954 634 989 681 6,
1012 634 1060 671 13
1109 647 1195 670 cum
1219 646 1308 670 vero
1334 634 1378 670 in
1402 634 1503 669 circo
1523 631 1722 668 Flaminio
1743 644 1820 668 non
1841 645 1866 668 a
1886 629 2041 668 tribuno
2057 629 2115 681 pl.
2138 630 2273 669 consul

691 706 740 743 in
771 706 1030 743 contionem
1060 704 1128 742 sed
1155 718 1180 741 a
1210 703 1359 742 latrone
1388 702 1631 754 archipirata
1657 700 1914 753 productus
1944 707 2071 739 estet.

559 775 623 814 De
645 761 762 814 domo
782 789 854 815 sua
878 775 938 824 15,
957 775 1010 813 40
1046 782 1086 813 tu
1108 774 1164 812 M.
1183 773 1372 812 Bibulum
1398 775 1446 812 in
1466 773 1723 811 contionem
1742 779 1782 811 tu
1803 784 1968 823 auqures
1986 772 2269 823 produxisti.

494 846 654 886 Licebit
682 847 848 885 fortasse
880 852 920 884 ut
950 845 1024 883 hoc
1054 846 1095 883 in
1117 845 1404 896 praetereundo
1435 844 1626 883 addamus
1657 843 1731 882 hac
1752 844 2029 882 observatione
2050 850 2270 882 structurae

294 916 482 957 Ciceroni
504 918 619 957 valde
641 917 845 956 adamatae
868 917 924 955 uti
954 917 993 955 in
1016 916 1267 955 vindicandis
1289 916 1352 955 vel
1373 915 1620 968 explicandis
1642 916 1774 954 verbis
1796 928 1897 967 quae
1919 921 2012 955 sunt
2032 915 2071 954 in
2094 915 2270 954 oratione

294 998 385 1041 post
419 989 588 1028 reditum
619 990 657 1027 in
689 995 829 1027 senatu
859 988 1006 1036 habita,
1046 1001 1093 1026 ex
1130 1001 1207 1039 qua
1238 1002 1358 1026 unum
1389 1002 1508 1039 supra
1536 986 1698 1026 allatum
1730 994 1791 1026 est
1821 987 2056 1038 exemplum,
2088 993 2271 1038 poterant

295 1060 426 1099 afferri
457 1061 582 1113 plura.
629 1059 809 1097 Dicimus
841 1059 937 1098 haec
968 1073 999 1097 c.
1024 1060 1086 1107 10,
1106 1059 1170 1097 25.

625 1130 733 1169 Nam
756 1129 801 1179 Q.
825 1131 1002 1169 Metellus
1032 1138 1067 1169 et
1094 1131 1276 1169 inimicus
1306 1137 1341 1169 et
1358 1130 1496 1181 frater
1513 1131 1675 1179 inimici,
1705 1136 1908 1182 perspecta
1926 1136 2055 1168 vestra
2076 1129 2272 1168 voluntate

624 1203 755 1240 omnia
769 1203 932 1254 privata
954 1203 1045 1241 odia
1072 1202 1268 1254 deposui&
1299 1215 1411 1253 quem
1433 1201 1481 1240 P.
1500 1201 1705 1250 Servilius,
1736 1202 1798 1239 vir
1824 1214 1910 1239 cum
1930 1201 2171 1239 clarissimus
2191 1208 2271 1239 tum

622 1287 712 1312 vero
734 1275 903 1325 optimus
923 1274 1095 1325 ‘mihique
1115 1275 1385 1321 amicissimus,
1418 1280 1453 1311 et
1476 1274 1719 1311 auctoritatis
1746 1281 1781 1311 et
1806 1274 1995 1312 orationis
2022 1287 2116 1311 suae
2135 1274 2271 1311 divina

625 1346 797 1397 quadam
819 1346 1014 1397 qravitate
1034 1345 1088 1383 ad
1112 1346 1176 1383 sui
1191 1345 1343 1400 qeneris
1364 1345 1652 1396 communisque
1676 1345 1880 1396 sanquinie
1893 1344 2013 1395 sacta
2037 1345 2271 1395 virtutesque

623 1419 828 1466 revocavit,
860 1425 904 1455 ut
926 1417 1085 1455 haberet
1108 1419 1152 1455 in
1172 1418 1333 1456 coneilio
1361 1424 1396 1455 et
1409 1418 1583 1466 fratrem
1612 1414 1694 1466 [ab
1723 1414 1944 1467 inferi⁸],
1975 1418 2121 1456 socium
2140 1430 2269 1455 rerum

621 1502 808 1537 mearum,
841 1495 876 1527 et
896 1502 1025 1527 omnes
1046 1487 1222 1527 Metellos
1241 1489 1596 1541 praestantissimos
1625 1489 1724 1527 cit-ee
1751 1501 1899 1540 paene
1929 1502 1981 1527 ex
2010 1488 2270 1527 Acheronte

623 1561 871 1609 excitatos,
901 1562 945 1598 in
975 1559 1116 1612 quibus
1145 1559 1402 1598 Numidicum
1429 1560 1542 1598 illum
1571 1558 1826 1608 Metellum*),
1858 1562 1967 1598 cuiue
1997 1561 2195 1611 quondam
2224 1562 2270 1598 de

619 1633 757 1683 patria
786 1633 977 1670 discessus
1007 1632 1187 1670 honestus
1218 1645 1238 1669 o
1247 1646 1282 1669 m
1290 1646 1316 1669 n
1324 1631 1368 1669 ib
1376 1646 1401 1669 u
1409 1646 1426 1669 ε
1455 1633 1524 1669 sed
1553 1632 1746 1670 luctuosus
1776 1640 1903 1671 tamen
1931 1647 1953 1671 v
1962 1633 2000 1671 ie
2007 1647 2033 1670 u
2040 1647 2058 1671 8
2088 1646 2106 1671 e
2113 1646 2130 1670 ε
2138 1639 2162 1670 t.

491 1809 521 1849 ¹¹¹)
551 1810 589 1842 In
616 1809 764 1843 editione
789 1810 1041 1849 Teubneriana,
1076 1820 1143 1851 qua
1169 1811 1263 1842 nulla
1286 1810 1398 1852 magis
1423 1820 1584 1843 nneornm
1609 1809 1741 1843 deliciis
1766 1809 1907 1851 gaudet,
1937 1820 2004 1842 non
2029 1809 2138 1842 solum
2162 1810 2270 1844 verba

292 1869 332 1902 ab
358 1869 470 1912 inferis
486 1868 621 1903 inclusa
639 1874 718 1904 sunt
736 1870 796 1904 sed
814 1869 918 1904 etiam
937 1869 1092 1913 proxima
1110 1869 1159 1904 sic
1178 1869 1308 1912 scripta
1326 1869 1529 1903 exhibentur
1551 1870 1584 1902 in
1607 1870 1717 1914 quibus
1732 1870 1934 1902 Numidicum
1955 1871 2044 1902 illum
2058 1870 2269 1912 [MetellumJ.

293 1931 332 1963 Iu
366 1930 582 1972 praefatione
616 1931 701 1964 haee
734 1932 917 1964 adnotavit
951 1932 1077 1964 editor:
1104 1932 1315 1964 ‘Metellum
1340 1933 1399 1963 del.
1419 1932 1523 1972 Halm,
1549 1931 1660 1964 Klotz?
1699 1931 1839 1964 Adimns
1867 1931 2076 1973 Kayserum,
2110 1931 2143 1964 in
2173 1932 2269 1965 euius

292 1990 444 2024 editione
468 1990 551 2023 item
572 1991 729 2024 Metellum
752 1991 954 2024 uncinatum
980 1992 1112 2034 legitur
1136 1991 1170 2024 in
1196 1991 1414 2033 praefatione
1437 1992 1500 2024 bac
1523 1991 1642 2024 addita
1658 1991 1900 2024 adnotatione:
1924 1992 2033 2024 illum
2050 1991 2223 2032 Manutius,
2241 1992 2274 2024 E

292 2051 338 2092 (h.
357 2060 386 2083 e.
406 2050 576 2084 editiones
594 2051 790 2093 superiores
808 2054 949 2093 omnes),
973 2053 1083 2085 illum
1099 2052 1302 2085 Metellum
1320 2050 1347 2083 C
1360 2052 1404 2092 (h.
1422 2062 1450 2084 e.
1468 2051 1619 2085 codicum
1637 2053 1857 2092 consensus);
1873 2052 1951 2084 dein
1969 2051 2096 2084 Halmii
2113 2052 2269 2085 volumen

292 2110 498 2144 evolvimus:
529 2121 596 2143 non
627 2112 731 2145 habet
754 2122 876 2145 nomen
901 2111 985 2145 illud
1010 2112 1044 2145 in
1069 2117 1168 2145 textu
1194 2113 1252 2144 sed
1278 2112 1424 2144 adnotat
1447 2113 1555 2144 illum
1581 2111 1761 2150 Manutiu3,·
1785 2113 1894 2144 illum
1919 2112 2117 2144 Metellum
2141 2113 2269 2146 codices.

292 2171 331 2204 In
357 2170 536 2204 Orelliana
559 2171 668 2213 prima
692 2171 777 2205 nihil
801 2171 947 2205 nominis
972 2171 1005 2204 in
1030 2175 1138 2213 textu,
1163 2171 1197 2204 in
1221 2172 1446 2205 adnotatione
1464 2173 1568 2204 altum
1587 2172 1772 2205 silentium.
1808 2172 2022 2213 Inspeximus
2039 2172 2269 2205 Graevianam

291 2241 322 2264 a.
342 2232 435 2271 1696,
462 2241 549 2273 qnae
581 2231 859 2265 commentarium
885 2232 1032 2265 Manutii
1056 2233 1225 2265 adnexum
1251 2233 1366 2265 habet.
1402 2233 1440 2264 In
1465 2236 1565 2265 textu
1587 2233 1626 2264 in
1650 2234 1740 2276 quib
1751 2245 1792 2265 us
1818 2233 2063 2265 Numidicum
2085 2234 2210 2273 illum,
2234 2233 2268 2266 in

291 2291 541 2325 commentario
566 2291 711 2324 Manutii
736 2292 807 2325 οὐδὲ
831 2293 904 2338 γρῦ.
941 2293 980 2325 In
1005 2292 1162 2325 Lambini
1187 2292 1471 2325 Sanctandreana
1495 2303 1526 2325 a.
1547 2293 1630 2325 1584
1653 2292 1686 2325 in
1710 2296 1809 2325 textu
1833 2302 1955 2325 nornen
1979 2302 2046 2325 non
2070 2293 2211 2335 legitur,
2235 2293 2269 2326 in

291 2351 519 2384 adnotatione
543 2351 702 2384 Lambini
725 2351 821 2391 nihil,
845 2362 1048 2393 quamquam
1071 2352 1102 2385 is
1118 2352 1276 2394 pluribus
1293 2352 1407 2385 verbis
1425 2352 1500 2394 egit
1516 2353 1557 2385 de
1577 2352 1690 2385 verbis
1707 2352 1828 2386 vicinis
1844 2353 1885 2385 ab
1901 2351 2024 2394 inferis.
2059 2352 2143 2393 Quis
2159 2352 2269 2394 igitur

292 2416 347 2445 est
375 2416 438 2445 ant
466 2421 534 2453 qua
565 2411 703 2445 ratione
735 2422 818 2446 usus
848 2412 878 2445 is
910 2412 966 2454 qui
996 2412 1125 2455 primns
1150 2412 1213 2446 hoe
1236 2422 1359 2445 nomen
1384 2422 1424 2445 ex
1449 2411 1625 2445 Ciceronis
1650 2412 1808 2445 oratione
1834 2411 2003 2445 sustulit?
2026 2412 2061 2445 id
2084 2413 2173 2453 quod
2195 2423 2269 2454 nos,

291 2472 451 2514 qnoniam
480 2476 637 2506 nostram
668 2483 806 2507 cansam
836 2456 903 2506 noir
927 2473 977 2506 ita
1002 2472 1164 2516 attingit,
1195 2472 1365 2507 editorum
1390 2473 1624 2507 Tullianorum
1650 2473 1874 2517 diligentiae,
1897 2483 1984 2515 quae
2008 2478 2138 2515 quanta
2162 2474 2270 2507 fuerit

291 2533 346 2567 vel
369 2531 432 2566 hoc
456 2533 610 2575 exemplo
636 2533 870 2576 cognoscitur,
894 2533 1128 2576 indagandum
1153 2534 1394 2575 relinquimus3
1419 2533 1541 2575 quibus
1557 2534 1591 2566 id
1609 2543 1741 2574 quoque
1759 2539 1921 2567 auctores
1939 2544 2056 2566 sumus
2073 2534 2269 2568 utinvesti—

291 2603 378 2636 gare
404 2593 522 2634 velint,
547 2594 581 2626 in
607 2604 673 2635 qua
699 2593 851 2627 editione
877 2594 939 2627 hoc
964 2605 1085 2628 nomen
1110 2594 1220 2637 prima
1245 2595 1464 2628 desideretur
1488 2595 1689 2629 consultone
1715 2605 1758 2628 an
1776 2605 1837 2637 per
1855 2604 2007 2629 errorem
2033 2596 2137 2630 verba
2154 2595 2267 2629 Numi-

292 2655 396 2686 dicum
418 2655 507 2687 illum
534 2653 693 2687 Metellum
718 2658 873 2687 extremo
898 2654 1033 2688 nomine
1059 2655 1234 2688 deminuta
1261 2655 1338 2689 sint.
1376 2655 1445 2687 Nos
1470 2655 1512 2687 ad
1536 2655 1623 2688 hanc
1648 2665 1719 2688 rem
1743 2665 1816 2688 cum
1834 2653 1943 2689 delati
1961 2654 2066 2689 simus
2082 2654 2118 2688 in
2136 2666 2175 2689 eo
2194 2656 2269 2689 sub-

292 2714 447 2747 sistimus
477 2719 517 2747 nt
545 2724 752 2755 quaeramus
783 2715 937 2748 editores
967 2715 1092 2747 novicii
1116 2725 1180 2756 qno
1205 2715 1349 2748 consilio
1373 2715 1435 2747 hoc
1458 2725 1590 2757 nomen,
1615 2716 1702 2756 quod
1728 2715 1829 2749 simul
1853 2715 1999 2749 omnium
2026 2716 2178 2749 codicum
2202 2716 2268 2748 fide

291 2774 357 2808 niti
380 2774 597 2816 profitentur,
622 2778 739 2808 tamen
764 2775 903 2808 exulare
927 2774 1111 2808 iusserint:
1136 2775 1192 2816 qui
1217 2775 1246 2808 si
1270 2774 1518 2816 meminissent,
1542 2779 1582 2808 ut
1605 2775 1804 2809 omittamus
1828 2775 1997 2809 Numidici
2021 2775 2114 2808 illius
2137 2774 2270 2808 Metelli

291 2834 428 2875 quoties
455 2835 582 2867 mentio
612 2835 675 2868 fiat
703 2835 794 2877 apud
824 2835 1040 2875 Ciceronem,
1069 2835 1104 2868 in
1129 2835 1290 2868 Sestiana
1312 2836 1366 2876 62,
1385 2836 1448 2868 130
1474 2835 1510 2867 in
1541 2836 1657 2869 eadem
1688 2846 1726 2869 re
1757 2836 1933 2869 narranda
1956 2836 2007 2869 ita
2030 2836 2097 2870 dici
2120 2842 2156 2869 ut
2177 2836 2269 2868 etiam

292 2896 327 2935 Q.
346 2895 490 2928 Metellus
513 2896 643 2928 consul.
661 2921 668 2929 .
688 2920 695 2928 .
713 2895 751 2928 de
773 2907 841 2929 mea
865 2896 965 2929 salute
986 2896 1150 2929 rettulerit.
1186 2895 1247 2935 Qua·
1268 2895 1422 2929 excitatus
1438 2920 1445 2929 .
1464 2920 1471 2928 .
1488 2894 1524 2929 P.
1540 2895 1659 2930 Servili
1680 2897 1816 2940 quadam
1842 2897 2000 2940 yravitate
2029 2896 2171 2938 dicendi,
2199 2907 2269 2928 cum

289 2956 346 2989 ille
372 2966 475 2989 omnes
500 2966 599 2999 prope
628 2957 667 2989 ab
695 2955 810 2998 inseris
839 2962 993 2990 evocasset
1016 2956 1158 2990 Metellos
1182 2963 1211 2989 et
1238 2958 1283 2989 ad
1310 2957 1395 2989 illius
1415 2958 1538 3000 yeneris
1555 2983 1562 2990 .
1580 2982 1587 2989 .
1606 2958 1787 3000 dcynuatem
1809 2958 1990 3001 propinqui
2010 2958 2061 2989 sui
2080 2962 2209 2989 mentem
2233 2983 2241 2990 .
2259 2983 2267 2990 .

289 3017 469 3058 reflexisset,
493 3027 622 3060 cumque
644 3028 713 3049 eum
737 3018 782 3049 ad
804 3018 962 3050 domestici
983 3019 1119 3061 exempli
1139 3019 1318 3050 memoriam
1341 3024 1369 3051 et
1391 3018 1436 3050 ad
1458 3017 1658 3051 Numidici
1679 3020 1692 3051 i
1699 3019 1746 3051 lli
1752 3030 1792 3052 us
1819 3017 1971 3052 Metelli
1997 3029 2103 3051 casum
2125 3018 2175 3051 vel
2193 3018 2265 3061 qlo-
