2545 3397
1242 70 1293 109 10

275 179 355 220 Sed
385 180 460 220 hoc
490 180 676 220 librarius
708 180 774 219 ubi
805 180 1098 231 animadvertit,
1131 194 1200 219 eur
1228 194 1307 219 non
1337 179 1428 218 ilico
1459 180 1629 219 mutavit
1658 179 1763 232 quod
1791 179 1892 219 falso
1914 180 2154 232 scripserat?
2197 181 2252 221 At

273 253 428 292 credere
456 253 603 304 optime
632 252 762 290 locum
792 259 936 302 tuetur,
969 266 1137 305 quocum
1168 252 1301 291 statim
1332 251 1489 290 initium
1520 251 1730 303 pendentis
1761 251 1950 291 orationis
1978 252 2249 303 coniungatur,

274 324 436 376 difficile
464 332 519 363 est
547 324 700 363 credere
729 337 792 363 eos
823 327 921 377 qui.
946 356 973 376 .,
1005 338 1078 364 nec
1113 324 1192 363 ulla
1226 337 1269 362 re
1305 322 1380 362 hoc
1418 323 1580 362 verbum
1616 324 1831 376 vituperari
1866 328 1997 376 potest
2031 324 2109 363 nisi
2146 323 2251 376 quod

273 396 497 448 insequitur
527 395 694 435 alterum
724 396 889 435 verbum
921 396 1099 436 eiusdem
1129 395 1444 446 significationis,
1477 394 1582 446 quod
1604 401 1643 434 et
1663 395 1793 447 ipsum
1815 394 2020 434 commodo
2041 395 2126 435 loco
2148 395 2251 448 posi·

273 474 357 507 tum
388 475 448 507 est
477 466 546 506 sed
577 466 843 520 praecedente
869 468 937 507 illo
965 481 1039 507 nec
1060 466 1360 506 desiderabatur
1380 472 1419 504 et
1438 471 1677 504 structuram
1698 466 1876 518 impedit.
1922 465 2031 515 Quid
2051 480 2143 516 ergo
2164 467 2250 506 est‘?

273 540 362 578 Nisi
393 540 590 591 corrigere
628 545 831 578 auctorem
868 541 1060 591 epistulae
1092 539 1289 588 volumus,
1321 546 1529 590 utrumque
1560 539 1724 577 verbum
1754 538 2005 577 retinendum
2036 545 2097 578 est
2125 546 2164 578 et
2193 540 2251 578 sic

273 611 539 660 statuendum,
573 613 820 662 scriptorem,
858 619 900 650 ut
930 612 990 661 fit,
1028 612 1297 650 immemorem
1328 611 1412 650 eius
1443 609 1546 661 quod
1578 611 1655 649 iam
1686 610 1819 662 posuit
1847 610 2042 650 invitante
2072 611 2250 650 oratione

273 698 343 723 suo
374 683 461 723 loco
492 698 571 723 non
606 682 710 723 idem
740 683 882 723 iterum
913 682 982 723 sed
1013 681 1142 723 simile
1172 681 1336 722 verbum
1367 681 1558 735 posuisse.

471 754 563 795 Non
594 754 822 806 ignoramus
852 754 927 793 hoc
957 766 1092 805 genus,
1125 754 1235 792 cuius
1266 767 1340 792 nos
1371 767 1447 791 uno
1469 754 1650 805 exemplo
1672 758 1711 791 et
1730 767 1779 791 ne
1800 752 1983 791 Tulliano
2005 754 2164 804 quidem
2186 753 2250 791 de-

271 826 397 865 functi
428 841 579 878 sumus,
611 827 714 879 apud
744 828 874 878 ipsum
897 825 1131 865 Ciceronem
1161 826 1280 864 latius
1311 835 1456 877 patere,
1489 826 1560 864 sed
1589 826 1705 864 nobis
1737 827 1833 864 satis
1865 826 1917 864 sit
1946 827 2068 865 verbo
2098 826 2250 877 signifi-

273 914 386 939 casse
421 907 716 950 argumentum,
761 898 865 950 quod
903 898 1133 950 ampliorem
1170 897 1467 949 indagationem
1506 897 1699 949 requirat3
1737 912 1855 950 quam
1891 912 2051 950 operam
2082 897 2172 938 aliis
2210 904 2251 938 et

272 972 497 1011 iunioribus
527 971 777 1023 potissimum
808 968 1041 1009 sumendam
1071 968 1345 1022 relinquimus.

472 1042 554 1083 Nos
583 1041 758 1082 redimus
779 1040 884 1093 illuc,
907 1046 947 1081 et
966 1041 1154 1095 quoniam
1172 1039 1379 1082 Ciceronis
1402 1054 1514 1081 usum
1537 1040 1839 1093 declaravimus,
1862 1042 1912 1081 ab
1933 1041 2072 1081 eodem
2093 1041 2250 1080 dicendi

273 1114 390 1153 modo
421 1128 469 1152 ne
491 1114 666 1153 Graecos
696 1113 857 1165 quidem
884 1113 1138 1151 abhorruisse
1160 1114 1296 1164 paucis
1317 1114 1509 1163 exemplis
1532 1114 1697 1151 oratoris
1718 1115 1844 1152 Attici
1866 1115 2033 1164 probare
2054 1115 2247 1163 volumus,

272 1187 431 1238 Lysiae.
476 1185 556 1234 Qui
586 1187 643 1225 ita
672 1186 812 1225 scribit

533 1257 571 1307 4,
603 1258 628 1297 8
686 1254 709 1308 ἦ
739 1256 783 1296 δὲ
812 1255 896 1296 τοτὲ
925 1255 998 1307 μὲν
1022 1256 1090 1306 ἐμὲ
1116 1257 1219 1306 περὶ
1245 1256 1442 1302 πολλοῦ,
1471 1255 1555 1295 τοτὲ
1580 1255 1624 1295 δὲ
1648 1254 1786 1296 τοῦτόν
1811 1266 1906 1308 φησι
1932 1258 2194 1296 ποιεῖσθαι.

534 1328 572 1377 6,
604 1328 658 1367 25
715 1329 782 1366 καὶ
810 1325 958 1367 τούτων
986 1326 1131 1377 πότερα
1160 1325 1249 1372 τοὺς
1278 1326 1400 1372 θεοὺς
1428 1327 1510 1378 χρὴ
1538 1327 1561 1378 ἢ
1592 1325 1635 1365 τὸ
1663 1325 1886 1378 αὗτόματον
1917 1329 2183 1366 αἰτιᾶσθαι.

537 1399 600 1449 12,
628 1401 646 1437 1
707 1398 804 1437 ὥστε
831 1397 917 1449 μήτ’
933 1399 984 1437 ἂν
1018 1397 1268 1447 ψευδόμενον
1303 1398 1502 1449 δεινότερα
1536 1399 1612 1437 τῶν
1646 1396 1903 1449 ὑπαρχόντων
1935 1400 2249 1451 κατηγορῆσαι

666 1469 760 1521 μήτε
788 1467 943 1521 τάληθῆ
974 1467 1219 1520 βουλόμενον
1248 1471 1372 1508 εἰπεῖν
1400 1468 1559 1509 ἅπαντα
1589 1468 1832 1509 δύνασθαι

534 1542 638 1581 Ibid.
661 1542 715 1581 64
772 1541 903 1591 ὥσπερ
933 1542 1092 1580 πολλῶν
1122 1538 1297 1589 ἀγαθῶν
1326 1543 1480 1580 αἰτίου
1511 1538 1660 1581 ἀλλὀὐ
1689 1540 1874 1592 μεγάλων
1903 1543 2035 1581 κακῶν
2063 1556 2249 1593 γεγενη-

669 1616 791 1664 μένου

535 1685 600 1735 34,
623 1687 648 1725 5
705 1681 796 1725 οὗδὲ
826 1682 913 1729 τοὺς
943 1683 1083 1733 λόγους
1113 1687 1416 1735 πιστοτέρους
1445 1677 1521 1724 ταῖν
1547 1685 1673 1735 ἔργων
1693 1683 1786 1725 οὐδὲ
1805 1684 1854 1724 τὰ
1873 1685 2070 1737 μέλλοντα
2090 1685 2166 1724 τῶν
2184 1700 2248 1734 γε-

665 1760 889 1808 γενημένων
917 1764 1138 1807 νομιεῖτε.

272 1827 430 1876 Quibus
461 1843 583 1867 unum
614 1828 797 1867 addimus
829 1827 1136 1879 Thucydidium‚
1169 1828 1273 1880 quod
1306 1829 1339 1877 l,
1363 1828 1426 1876 37,
1450 1828 1473 1867 2
1505 1828 1648 1879 legitur

666 1898 930 1951 ἐπετήδευσαν
959 1897 1168 1950 ξύμμαχόν
1197 1915 1236 1938 τε
1265 1895 1410 1938 οὗδένα
1438 1897 1720 1950 βουλόμενοι
1756 1897 1853 1949 πρὸς
1882 1896 2128 1952 τάδικήματα
2157 1896 2249 1939 οῦδὲ

665 1969 847 2023 μα’ρτυρα
877 1972 1000 2022 ἔχειν
1029 1970 1117 2011 οὔτε
1148 1971 1468 2022 παρακαλοῦντες
1497 1969 1773 2021 αἰσχύνεσθαι.

469 2042 646 2081 Tandem
674 2056 694 2080 e
716 2043 971 2082 deverticulis
992 2043 1228 2081 revertimus
1256 2042 1305 2081 ad
1326 2043 1448 2081 verba
1468 2043 1595 2093 Accii,
1626 2056 1792 2094 quorum
1821 2049 1973 2094 partem
1998 2044 2169 2094 priorem
2190 2057 2248 2082 se-

271 2128 406 2154 orsum
427 2128 450 2153 a
470 2114 647 2166 reliquis,
670 2128 747 2166 quo
770 2116 896 2166 magis
918 2115 1179 2154 conformatio
1200 2115 1415 2167 patefieret,
1444 2114 1644 2154 declarare
1665 2114 1901 2166 studuimus,
1932 2113 2001 2154 sed
2023 2129 2069 2154 ea
2089 2129 2177 2154 cum
2198 2114 2247 2155 iis

270 2200 372 2238 quae
397 2191 551 2226 restant
577 2200 695 2226 unam
723 2186 941 2227 orationem
969 2186 1148 2226 efficiunt
1176 2193 1215 2225 et
1241 2185 1315 2225 hoc
1336 2192 1459 2226 totum
1487 2201 1565 2226 una
1590 2186 1837 2240 expendatur
1861 2199 2023 2226 necesse
2050 2193 2128 2226 est:
2155 2201 2248 2226 nam

268 2271 338 2297 nee
366 2257 526 2298 Gemini
548 2258 702 2298 lenones
724 2272 794 2298 nec
820 2258 1052 2298 Condalium
1076 2272 1145 2297 nee
1165 2258 1277 2297 Anus
1298 2258 1438 2297 Plauti
1459 2272 1527 2297 nee
1547 2259 1620 2297 Bis
1640 2272 1860 2311 compressa
1883 2272 1954 2297 nee
1973 2259 2137 2298 Boeotia
2161 2273 2246 2298 um-

270 2344 389 2383 quam
407 2330 497 2382 fuit
519 2344 645 2383 neque
669 2331 765 2370 adeo
785 2331 984 2382 Ayroeeue
1009 2345 1133 2383 neque
1153 2330 1448 2370 Commorientes
1468 2331 1601 2370 Maeci
1625 2330 1716 2370 Titi.
1757 2330 1874 2370 Unde
1895 2331 2063 2383 primum
2085 2338 2248 2383 apparet

270 2403 393 2441 verba
412 2416 600 2454 umquam
613 2402 703 2452 fuit
722 2416 770 2441 ex
792 2403 994 2454 superiore
1015 2409 1127 2454 parte
1148 2402 1286 2442 referri
1307 2402 1425 2441 etiam
1452 2402 1501 2441 ad
1523 2402 1619 2442 haec
1640 2409 1859 2456 postrema:
1888 2416 1958 2442 nec
1976 2402 2089 2442 Anus
2109 2403 2250 2444 Plauti

269 2487 339 2513 nec
358 2473 524 2514 Boeotia
543 2487 730 2526 umquam
745 2473 837 2524 fuit
853 2487 976 2526 neque
995 2472 1293 2514 Commorientes
1313 2473 1446 2513 Macci
1469 2472 1551 2513 Titi
1574 2474 1780 2527 (umquam
1792 2474 1914 2525 fuit),
1946 2481 1985 2513 et
2005 2474 2111 2527 quod
2131 2488 2246 2528 prop-

271 2553 331 2586 ter
350 2546 555 2586 metricam
578 2545 931 2586 conformationem
945 2546 1035 2598 fuit
1060 2546 1100 2586 in
1128 2546 1202 2586 hac
1229 2546 1354 2586 altera
1381 2552 1492 2598 parte
1518 2545 1766 2597 addiderunt,
1794 2547 1972 2586 oratione
1996 2552 2102 2586 recte
2131 2548 2244 2588 aesti-

272 2624 378 2658 mata
406 2632 553 2658 vanum
590 2632 678 2658 esse
711 2618 959 2670 intelligitur.
1013 2619 1132 2672 Atqui
1161 2632 1211 2658 ne
1240 2632 1384 2657 nomen
1414 2618 1575 2670 quidem
1603 2625 1687 2658 erat
1715 2619 1821 2671 quod
1850 2620 1993 2658 iterum
2021 2627 2243 2671 poneretur,

272 2690 459 2741 quoniam
481 2704 560 2728 non
582 2690 710 2728 solum
730 2704 918 2742 umquam
932 2691 1021 2740 fuit
1042 2690 1110 2728 sed
1131 2691 1272 2728 Plauti
1288 2704 1474 2742 umquam
1488 2690 1577 2739 fuit
1600 2692 1641 2729 in
1663 2691 1737 2729 hac
1758 2692 1940 2730 iunctura
1959 2693 2245 2731 sententiarum

271 2761 399 2800 audiri
420 2768 588 2813 poterat:
621 2775 712 2800 cum
733 2762 838 2801 enim
860 2763 915 2801 ita
936 2761 1033 2800 dicit
1051 2776 1119 2801 nec
1137 2762 1250 2801 Anus
1271 2762 1408 2801 Plauti
1425 2775 1493 2800 nec
1512 2761 1677 2801 Boeotia
1701 2776 1888 2815 umquam
1900 2762 1991 2814 fuit
2007 2777 2130 2816 neque
2148 2764 2244 2803 adeo

272 2832 583 2882 Commorientes,
606 2833 695 2885 quis
715 2839 898 2886 expectat
917 2834 1146 2885 genetivum
1166 2834 1340 2874 nominis
1361 2832 1484 2874 addi?
1515 2832 1589 2873 Vel
1615 2834 1648 2874 si
1668 2840 1802 2874 tamen
1828 2834 1997 2887 scriptor
2016 2835 2244 2886 genetivum

271 2905 413 2945 abesse
433 2904 571 2956 noluit,
593 2918 663 2957 pro
685 2906 844 2946 nomine
865 2906 1012 2945 licebat
1030 2906 1263 2958 pronomine
1284 2905 1447 2956 defungi
1470 2907 1561 2945 eius.
1592 2903 1670 2945 Sed
1692 2907 1785 2959 quia
1800 2906 1933 2946 Maeci
1952 2906 2036 2946 Titi
2054 2907 2245 2959 scriptum

272 2984 343 3030 est,
366 2991 466 3031 quae
488 2976 626 3018 eadem
646 2977 687 3017 in
708 2977 869 3030 prologo
885 2977 1120 3019 Mercatoris
1135 2978 1331 3031 leguntur,
1354 2984 1392 3018 et
1410 2978 1504 3031 quia
1519 2979 1578 3018 vis
1595 2978 1790 3032 quaedam
1806 2978 2049 3032 pernegandi
2069 2979 2176 3020 iniis
2192 2980 2245 3020 sit
