2545 3397
1231 129 1282 169 12

271 239 427 288 longius
443 238 621 290 procedit
635 245 673 277 et
689 238 737 277 ad
755 239 1001 289 significatas
1015 246 1106 279 ante
1119 239 1219 278 aliae
1233 238 1430 277 adduntur
1443 244 1482 276 et
1497 238 1792 289 novae,idcirco
1804 237 1867 278 his
1879 237 2083 290 particulis
2095 237 2241 277 iunctis

270 310 396 348 oratio
417 309 602 361 progredi
620 309 810 360 videatur,
834 324 932 363 quas
949 311 1103 362 seiungi
1120 310 1219 349 velle
1236 310 1287 350 ob
1304 309 1419 349 metri
1435 310 1714 349 necessitatem
1735 309 1851 349 nimis
1867 315 1952 349 erat
1966 308 2240 362 improbabile.

270 379 349 419 Sed
370 394 484 419 usum
505 382 602 419 adeo
623 381 853 432 particulae,
877 396 977 434 quae
998 382 1167 434 plurima
1186 387 1245 420 est
1266 381 1328 420 vel
1349 382 1389 419 in
1407 380 1582 420 Terentii
1599 382 1826 432 comoediis,
1854 395 2020 432 magnae
2038 381 2240 420 varietatis

268 466 355 492 esse
372 458 539 502 constat,
559 458 601 491 ut
617 466 733 504 aegre
754 467 834 492 una
854 453 1015 492 notione
1032 453 1216 505 amplecti
1231 451 1364 492 liceat:
1384 451 1451 492 sed
1470 451 1545 491 hoc
1558 458 1707 492 certum
1725 458 1786 493 est
1801 466 1918 506 saepe
1933 452 2013 492 vim
2031 452 2115 492 eius
2131 451 2241 491 vocis

268 539 356 562 cum
393 524 560 563 alterum
588 524 704 563 alteri
734 524 920 564 adiicitur
955 525 1071 564 valde
1102 524 1264 574 elevari,
1302 525 1370 564 vix
1405 530 1447 563 ut
1475 525 1716 576 percipiatur
1746 531 1812 565 aut
1840 524 1954 565 reddi
1983 530 2073 577 apte
2102 523 2241 577 possit.

269 596 401 635 Veluti
416 597 513 649 quid
529 598 664 648 magni
678 597 923 637 discriminis
940 606 1121 650 putamus
1138 597 1381 636 intercedere
1395 611 1481 636 cum
1495 596 1616 637 Thais
1630 597 1727 637 dicit
1742 597 1782 637 in
1794 597 1987 638 Eunucho
1998 597 2078 638 744
2089 595 2184 638 Scin
2200 604 2242 637 tu

266 669 419 708 turbam
439 669 540 709 hanc
557 678 721 722 propter
740 678 774 710 te
794 685 872 710 esse
880 671 1037 722 factam
1056 678 1089 710 et
1108 671 1218 709 adeo
1239 670 1294 709 ad
1312 678 1346 709 te
1366 671 1525 710 attinere
1544 669 1645 709 hanc
1664 684 1814 710 omnem
1831 684 1913 710 rem
1919 685 1933 718 ‚-
1953 676 2020 710 aut
2039 670 2080 710 in
2099 669 2179 709 illis
2200 669 2241 709 in

266 741 508 781 Phormione
529 742 607 782 931
632 744 756 782 credis
776 750 810 782 te
828 744 1051 795 iynorarier
1070 751 1138 782 aut
1156 750 1222 781 tua
1235 742 1355 793 facta
1373 743 1496 782 adeo.
1535 739 1615 782 Sed
1641 748 1742 782 esto:
1775 756 1902 795 neque
1930 742 2034 783 enim
2055 741 2241 782 fidentius

266 813 524 865 affirmamus,
543 814 613 853 sed
634 809 896 854 hoc'dicimus
917 814 1134 854 cavendum
1156 827 1242 854 esse
1263 828 1313 853 ne
1329 814 1443 854 Accii
1466 814 1596 854 verbis
1617 813 1676 853 sic
1690 827 1761 867 per
1781 828 1823 854 se
1844 814 2105 854 consideratis
2120 813 2241 852 tribu-

266 893 384 924 antur
400 899 501 937 quae
517 886 648 924 aliena
663 893 765 924 sunt.
798 884 915 934 Quod
935 886 1040 924 idem
1055 886 1223 925 fortasse
1240 886 1346 925 cadit
1361 886 1402 924 in
1418 900 1561 924 nomen
1583 886 1633 924 ab
1649 887 1775 924 Accio
1795 887 1967 938 positum
1983 900 2054 936 pro
2075 900 2120 925 eo
2138 884 2242 937 quod

265 965 422 1009 poterat
443 959 673 1009 pronomine
689 955 839 1007 (Macci
857 957 939 997 Titi
957 972 1026 1009 pro
1047 958 1157 1008 eius),
1181 972 1422 1010 quamquam
1443 973 1491 997 ne
1511 972 1726 1010 pronomen
1748 958 1908 1010 quidem
1929 957 2240 998 desiderabatur.

266 1029 406 1081 Neque
434 1029 537 1068 enim
566 1028 662 1068 satis
693 1034 777 1067 tuto
798 1028 945 1080 proprii
972 1028 1067 1081 quid
1093 1035 1161 1068 aut
1186 1029 1385 1081 peculiare
1415 1043 1464 1068 ex
1494 1043 1541 1068 ea
1568 1043 1610 1068 re
1641 1029 1810 1068 efficitur
1839 1043 1940 1082 quae
1971 1029 2133 1069 dubium
2163 1041 2241 1067 non

268 1107 329 1141 est
358 1101 453 1154 quin
474 1113 721 1140 communem
744 1114 858 1139 usum
880 1101 1074 1140 sermonis
1095 1100 1230 1139 Latini
1252 1107 1450 1153 sequatur.
1497 1100 1631 1140 Poetis
1661 1101 1724 1140 vel
1754 1101 1850 1140 talia
1879 1101 2127 1152 placuerunt:
2161 1099 2243 1138 Ho-

266 1173 367 1211 ratio
385 1170 429 1211 C.
446 1184 489 1211 1v
509 1173 545 1221 8,
573 1172 626 1210 22
654 1172 875 1224 quidforet
899 1173 1000 1211 Iliae
1026 1173 1294 1225 Mavortisque
1317 1187 1421 1225 puer
1439 1175 1476 1211 si
1493 1175 1740 1212 taciturnitas
1760 1172 1928 1212 obstaret
1941 1174 2087 1211 meritis
2106 1172 2244 1210 invida

269 1245 469 1283 Romuli:
502 1243 599 1283 satis
631 1250 715 1283 erat
743 1245 836 1292 eius,
868 1243 938 1283 sed
969 1258 1083 1296 quem
1115 1250 1206 1283 ante
1238 1244 1460 1297 descripsit,
1492 1244 1584 1284 dein
1614 1244 1773 1284 nomine
1803 1244 1987 1297 appellat,
2018 1243 2242 1295 iniuriaque

264 1315 519 1356 Hermannus
540 1314 670 1366 (relat.
688 1314 798 1367 Lips.
822 1327 836 1355 1
856 1313 965 1367 282).
998 1315 1170 1365 Romuli,
1192 1329 1241 1355 ne
1262 1316 1323 1355 bis
1344 1316 1449 1355 idem
1471 1316 1678 1367 diceretur,
1700 1315 1934 1355 mutandum
1955 1315 2119 1364 censuit,
2137 1321 2242 1353 recte

265 1388 417 1440 accepit
436 1386 644 1426 Bentleius
666 1386 716 1426 ad
733 1385 779 1427 C.
797 1399 811 1427 1
828 1388 862 1437 7,
886 1387 955 1437 273
978 1386 1104 1439 Epod.
1123 1388 1158 1438 3,
1177 1388 1201 1427 9
1222 1395 1265 1427 ut
1279 1389 1532 1441 Aryonautas
1548 1396 1705 1440 praeter
1725 1401 1854 1427 omnes
1878 1388 2090 1426 candidum
2105 1386 2244 1425 Medea

263 1461 408 1498 mirata
437 1466 492 1498 est
521 1460 696 1508 ducem,
735 1460 869 1511 iqnota
905 1460 1028 1497 tauris
1062 1459 1319 1512 inliqaturum
1346 1461 1441 1512 iuqa
1470 1462 1659 1512 perunxit
1692 1460 1762 1499 hoc
1791 1459 2022 1498 Iasonem.-
2053 1472 2141 1497 cum
2170 1471 2244 1497 nec

263 1546 410 1571 nomen
440 1532 645 1584 proprium
675 1545 804 1583 neque
834 1545 926 1570 vero
957 1545 1173 1583 pronomen
1205 1532 1430 1571 addendum
1461 1539 1582 1582 esset3
1615 1532 1773 1572 Tibullo
1803 1544 1818 1572 1
1850 1533 1884 1577 1,
1919 1532 1970 1572 18
1997 1532 2245 1584 pomosisque

262 1605 401 1643 ruber
426 1611 584 1643 custos
611 1611 786 1656 ponatur
809 1605 852 1642 in
878 1604 1011 1654 hortis,
1039 1612 1181 1643 terreat
1202 1612 1244 1643 ut
1269 1618 1384 1643 saeva
1400 1604 1513 1655 falce
1532 1605 1745 1657 Priapus
1765 1618 1865 1643 aves.
1912 1601 1991 1643 Sed
2012 1602 2118 1642 idem
2139 1603 2243 1656 quod

263 1683 402 1728 poetae
433 1676 670 1727 scriptorum
701 1675 945 1716 consuetudo
976 1676 1171 1728 probavit,
1203 1690 1503 1730 nonnumquam
1533 1677 1759 1717 criticorum
1788 1676 1944 1716 iniuriis
1969 1675 2242 1716 condemnata.

264 1746 382 1797 Quod
410 1761 535 1799 genus
558 1746 719 1786 Tacitus
741 1747 879 1787 scribit
900 1746 992 1786 dial.
1017 1761 1047 1785 e.
1075 1747 1124 1787 13
1148 1748 1321 1800 populus
1348 1749 1419 1800 qui
1442 1749 1589 1787 auditis
1613 1750 1655 1787 in
1676 1748 1822 1787 theatro
1854 1748 2050 1800 Virqilii
2067 1742 2245 1786 ‘versibus

263 1821 435 1858 surrexit
462 1820 666 1857 unit-ersus
695 1827 729 1857 et
745 1819 858 1869 forte
874 1826 1116 1871 praesentem
1135 1827 1444 1871 spectantemque
1472 1820 1723 1872 Virqilium
1742 1827 1944 1858 veneratus
1964 1826 2034 1857 est:
2065 1833 2157 1857 nam
2178 1819 2244 1856 ab·

265 1905 353 1930 esse
380 1905 524 1929 nomen
552 1891 676 1928 altero
701 1890 789 1928 loco
817 1891 944 1941 potuit
973 1897 1012 1928 et
1042 1891 1194 1929 deletur
1223 1906 1246 1929 a
1275 1891 1495 1940 nonnullis3
1527 1891 1598 1930 sed
1627 1892 1768 1930 abesse
1793 1904 1939 1930 nomen
1968 1890 2096 1941 potuit
2125 1889 2244 1928 etiam

264 1964 304 2002 in
327 1961 534 2002 Ciceronis
561 1961 688 2002 Acad.
705 1974 735 2002 11
756 1962 819 2012 34,
845 1962 919 2001 111
942 1976 990 2001 ne
1015 1962 1128 2002 illam
1154 1963 1310 2014 quidem
1332 1963 1633 2017 praetermisisti
1653 1962 1988 2016 reprehensionem
2006 1960 2242 2001 Antiochi:

263 2049 332 2076 nec
360 2036 523 2075 mirum:
552 2035 737 2088 inprimis
766 2035 868 2073 enim
894 2041 948 2073 est
970 2033 1131 2073 nobilis:
1162 2048 1240 2087 qua
1262 2034 1407 2074 solebat
1426 2035 1552 2074 dicere
1571 2035 1829 2074 Antiochus
1844 2034 2051 2073 Philonem
2078 2034 2246 2072 ‘maxime

263 2108 552 2162 perturbatum,·
579 2114 647 2146 aut
672 2108 712 2146 in
734 2106 852 2146 Tusc.
875 2107 976 2159 disp.
994 2119 1040 2147 111
1061 2108 1125 2156 32,
1151 2109 1199 2147 77
1222 2122 1301 2146 non
1321 2109 1417 2146 satis
1435 2108 1534 2147 mihi
1551 2108 1705 2147 videtur
1723 2109 1865 2147 vidisse
1884 2108 1955 2146 hoc
1979 2106 2242 2155 Cleanthes,

264 2182 414 2233 suscipi
443 2181 658 2232 aliquando
683 2180 965 2231 aeqritudinem
998 2193 1112 2231 posse
1138 2193 1183 2218 ex
1210 2193 1252 2218 eo
1277 2181 1364 2232 ipso
1386 2181 1492 2232 quod
1516 2193 1593 2219 esse
1617 2193 1808 2219 summum
1832 2179 1979 2218 malum
2004 2177 2245 2218 Cleanthes

264 2255 350 2305 ipse
365 2252 560 2302 fateatur,
593 2252 658 2290 ubi
690 2257 783 2290 sunt
811 2252 877 2303 qui
908 2251 1075 2290 alterum
1097 2251 1296 2290 Cleanthes
1325 2251 1527 2291 inducant.
1568 2249 1647 2291 Sed
1668 2252 1817 2291 Accius
1837 2265 1916 2291 non
1938 2251 2065 2291 solum
2085 2250 2246 2303 repetiit

266 2339 423 2375 nomen,
455 2337 533 2375 quo
563 2322 765 2362 abstinere
795 2323 932 2374 potuit,
966 2323 1034 2361 sed
1056 2323 1215 2375 repetiit
1234 2329 1385 2362 mutata
1403 2323 1532 2362 forma
1552 2329 1595 2362 ut
1615 2337 1732 2376 quem
1753 2329 1844 2362 ante
1866 2323 2052 2362 Plautum
2073 2328 2243 2372 vocarat,

267 2396 357 2434 dein
375 2396 571 2434 Maecium
592 2394 724 2433 Titum
744 2394 976 2445 appellaret:
1000 2394 1039 2432 id
1061 2408 1216 2446 quoque
1238 2395 1473 2447 scriptorum
1494 2410 1613 2445 more,
1637 2404 1678 2434 ut
1693 2410 1743 2434 ne
1759 2395 1799 2434 in
1817 2409 1863 2434 ea
1878 2394 2037 2446 quidem
2052 2408 2095 2433 re
2111 2393 2245 2432 nescio

266 2482 367 2520 quae
388 2467 630 2507 reconditior
651 2480 771 2505 causa
791 2465 1023 2505 delitescere
1050 2465 1241 2506 videatur.
1279 2464 1421 2507 Cicero
1447 2466 1608 2519 quidem
1628 2480 1928 2519 nonnumquam
1949 2465 2080 2505 subito
2101 2479 2244 2505 nomen

266 2539 372 2579 aliud
400 2553 469 2592 pro
496 2539 573 2578 alio
601 2539 724 2590 ponit,
752 2537 857 2591 quod
886 2538 1123 2577 inscientem
1148 2538 1437 2591 obstupefaciat
1467 2552 1513 2577 ac
1540 2540 1753 2590 perturbet,
1781 2538 1910 2591 quiin
1930 2536 2105 2589 Legibus
2124 2549 2140 2577 1
2159 2537 2196 2587 2,
2219 2538 2245 2577 6

267 2625 384 2663 quem
409 2611 527 2650 modo
550 2611 807 2663 Antipatrum
828 2611 962 2649 statim
985 2610 1155 2649 Coelium
1176 2610 1286 2660 dixit,
1310 2611 1527 2662 eademque
1547 2612 1739 2650 varietate
1761 2624 1855 2649 usus
1877 2610 1925 2649 de
1944 2615 2042 2648 orat.
2059 2621 2089 2649 11
2112 2610 2173 2659 12,
2191 2609 2245 2648 54

267 2685 422 2723 addidit
451 2683 583 2735 inquit
611 2684 799 2722 maiorem
828 2683 1014 2722 historiae
1042 2696 1179 2721 sonum
1206 2684 1311 2722 vocis
1335 2684 1588 2735 Antipater
1608 2712 1617 2722 .
1640 2713 1648 2722 .
1676 2691 1731 2723 est
1758 2691 1801 2722 ut
1828 2683 1940 2731 dicis,
1971 2682 2037 2721 sed
2063 2682 2135 2721 iste
2162 2682 2247 2734 ipse

268 2756 449 2795 Coelius
474 2769 596 2807 neque
621 2756 802 2794 distinxit
825 2755 1031 2794 historiam
1055 2768 1177 2807 neque
1197 2785 1205 2794 .
1229 2786 1251 2805 .,
1283 2762 1351 2795 aut
1381 2755 1420 2794 in
1453 2754 1682 2795 defensione
1711 2754 1886 2805 Milonis,
1917 2767 2032 2807 quem
2058 2754 2246 2793 Milonem

266 2834 383 2867 vocat
403 2826 647 2879 plerumque,
672 2826 911 2879 aliquotiens
939 2826 983 2865 T.
999 2826 1188 2876 Annium,
1206 2827 1367 2866 mutatis
1389 2826 1508 2865 etiam
1528 2827 1568 2865 in
1591 2827 1735 2866 vicinia
1755 2826 1995 2877 nominibus,
2017 2826 2127 2865 velut
2146 2826 2183 2873 2,
2206 2826 2243 2874 6,

267 2899 453 2951 appellat,
489 2899 530 2936 in
564 2899 759 2950 principio
789 2908 919 2938 autem
953 2898 1083 2937 Laelii
1117 2898 1214 2938 haec
1248 2898 1388 2938 scribit
1419 2899 1465 2946 Q.
1490 2899 1672 2937 Mucius
1702 2912 1830 2950 auyur
1856 2898 1978 2937 multa
2005 2910 2172 2937 narrare
2200 2897 2246 2936 de

267 2970 307 3010 C.
329 2970 469 3010 Laelio
499 2983 629 3008 socero
658 2984 727 3009 suo
757 2970 903 3009 solebat
923 3000 931 3009 .
956 3002 963 3009 .
991 2983 1059 3021 eqo
1089 2978 1216 3009 autem
1245 2986 1269 3009 a
1295 2977 1410 3023 patre
1438 2971 1495 3009 ita
1524 2983 1630 3008 eram
1657 2971 1842 3009 deductus
1871 2971 1925 3008 ad
1955 2968 2244 3016 Scaevolam,

266 3050 309 3081 ut
339 3057 364 3081 a
394 3043 496 3081 senis
522 3041 640 3080 latere
663 3055 878 3094 numquam
908 3042 1155 3081 discederem:
1189 3042 1332 3094 quibus
1363 3041 1591 3081 nominibus
1622 3055 1710 3080 cum
1742 3055 1860 3093 saepe
1890 3041 2017 3080 variet
2046 3040 2087 3079 in
2116 3041 2243 3092 primo
