2545 3397
1218 78 1269 120 13

272 188 320 229 de
357 195 527 240 oratore,
564 196 645 230 tum
681 189 729 230 de
761 189 909 229 finibus
938 201 953 229 1
981 189 1016 239 3,
1048 190 1072 230 9
1101 189 1199 230 haec
1230 188 1343 230 dicit:
1378 195 1422 228 ut
1450 203 1476 228 a
1502 186 1727 229 Scaevola
1755 194 1811 228 eet
1838 193 2018 240 praetore
2049 186 2240 227 calutum

271 259 432 301 Athenis
447 261 650 311 Albucius,
682 274 794 314 quem
819 261 973 313 quidem
998 261 1123 301 locum
1142 275 1229 300 cum
1248 260 1369 300 multa
1389 267 1584 299 venustate
1602 267 1637 299 et
1657 261 1763 299 omni
1780 259 1861 298 eale
1879 259 1982 298 idem
2000 255 2238 308 Luciliue*),

271 334 380 385 apud
408 346 520 386 quem
546 333 749 386 praeclare
778 332 1019 384 Scaevola,
1051 333 1376 385 interpositisque
1398 332 1578 371 versibus
1604 332 1732 383 pergit
1760 332 1828 370 sed
1855 332 1940 370 iure
1969 331 2170 376 Mucium
2201 337 2240 368 et

270 404 312 444 in
333 402 487 445 Catone
506 405 598 445 mai.
618 405 653 456 7,
675 404 728 444 25
758 404 896 444 eadem
917 405 1094 444 oratione
1114 404 1231 444 modo
1253 403 1404 444 Statius
1423 411 1566 454 noster,
1588 402 1705 442 modo
1727 409 1765 442 et
1786 403 1847 442 bis
1869 402 2028 455 quidem
2049 401 2240 442 Caecilius

270 483 446 519 vocatur.
1916 523 1920 526 Δ

443 547 561 599 Quod
583 563 675 589 vero
696 549 845 590 Accius
865 549 997 590 Macci
1022 548 1106 590 Titi
1122 548 1284 590 nomina
1298 548 1374 589 hoc
1389 547 1527 589 ordine
1548 547 1585 588 h.
1598 562 1630 588 e.
1648 547 1902 601 praenomine
1923 546 2145 600 postposito
2161 559 2241 585 ma·

271 621 346 662 luit
362 636 481 675 quam
496 622 655 662 inverso
671 620 822 674 afferre,
841 621 915 663 hoc
935 622 969 663 is
989 622 1056 676 qui
1073 622 1222 675 primus
1242 621 1340 663 haec
1356 621 1519 662 nomina
1533 621 1707 661 restituit
1720 619 1964 661 Ritschelius
1981 618 2158 672 (Parerg.
2175 616 2243 669 15)

271 699 474 746 poetarum
509 707 618 733 more
652 693 871 734 vindicavit
899 708 1017 747 quem
1046 694 1196 734 Accius
1226 695 1265 733 in
1297 694 1478 734 versibus
1513 694 1667 733 scilicet
1701 706 1800 746 quos
1830 693 1897 731 ille
1926 692 2053 732 voluit
2083 697 2241 731 secutus

271 770 394 815 esset,
426 765 495 805 sed
516 765 621 804 idem
641 780 767 818 genus
788 780 836 805 ne
862 781 886 805 a
906 766 1079 818 pedestri
1100 765 1260 818 quidem
1285 767 1464 806 oratione
1485 766 1660 805 alienum
1689 765 1810 804 fuisse
1832 764 2024 816 exemplis
2045 764 2240 815 probavit.

269 838 318 876 In
334 838 478 889 quibus
495 837 654 889 quidem
675 838 807 877 attulit
827 844 894 877 aut
913 840 964 878 ab
985 839 1074 877 aliis
1095 838 1227 877 afferri
1247 839 1347 878 dixit
1366 853 1468 891 quae
1484 839 1680 891 posterior
1700 845 1808 877 aetas
1829 852 1909 876 non
1930 837 2074 875 iniuria
2094 836 2245 887 sprevit

271 915 310 949 et
325 908 539 962 depravata
551 924 637 950 esse
653 910 908 959 existimavit,
926 909 1258 963 quemadmodum
1279 911 1318 950 in
1335 924 1409 951 usu
1425 909 1595 951 Liviano
1611 909 1734 949 multo
1752 923 1869 962 quam
1885 908 1917 948 Ι.
1935 908 1999 948 Fr.
2017 906 2244 948 Gronovius

271 972 447 1019 severius
463 980 653 1020 iudicavit
668 980 894 1032 Madvigius
917 981 1055 1033 (praef.
1077 981 1127 1020 ad
1147 992 1194 1020 111
1214 982 1277 1032 29,
1297 980 1350 1031 7).
1387 981 1583 1034 Exempla
1604 988 1712 1020 certa
1731 981 1942 1033 postpositi
1963 980 2114 1018 nomini
2134 993 2244 1031 prae-

270 1052 444 1091 nominis
475 1059 567 1092 sunt
595 1059 798 1105 poetarum
829 1053 950 1092 Ennii
981 1061 1089 1092 catus
1117 1054 1254 1092 Aelius
1285 1052 1426 1093 Sextus
1454 1051 1578 1104 (Anu.
1602 1051 1711 1103 331),
1743 1053 1908 1092 Pacuvii
1931 1060 2073 1105 poetae
2093 1052 2248 1090 Pacuvi

270 1124 413 1175 Marci,
436 1124 471 1164 si
491 1125 652 1176 quidem
673 1125 771 1164 haec
791 1124 958 1164 Pacuvii
979 1131 1081 1175 sunt,
1113 1139 1214 1177 quae
1235 1124 1389 1165 Gellius
1410 1125 1523 1165 affert
1553 1138 1566 1164 1
1586 1125 1651 1175 24,
1675 1131 1714 1164 et
1734 1125 1903 1164 fortasse
1924 1124 2102 1163 eiusdem
2123 1123 2243 1162 Ennii

272 1194 472 1236 Cornelius
491 1196 781 1249 suaviloquenti
801 1196 878 1236 Ore
898 1196 1082 1249 Cetheque
1102 1197 1263 1236 Marcus
1288 1195 1413 1248 (Ann.
1437 1194 1545 1248 303),
1578 1210 1817 1249 quamquam
1837 1195 1913 1235 hoc
1933 1194 2164 1248 impeditius
2185 1202 2246 1234 est

271 1274 311 1307 et
336 1281 385 1307 ex
411 1273 521 1320 parte
548 1268 707 1321 quidem
740 1268 921 1308 videatur
953 1268 1004 1308 ad
1035 1269 1202 1308 alterum
1227 1282 1377 1308 morem
1403 1268 1590 1308 accedere
1616 1282 1694 1321 quo
1722 1254 1801 1307 iam
1827 1268 1976 1307 liberae
2002 1267 2245 1319 reipublicae

271 1339 516 1392 temporibus
552 1340 672 1379 etiam
707 1340 901 1392 pedestris
937 1341 1062 1379 oratio
1092 1341 1167 1380 hoc
1197 1341 1277 1380 sibi
1312 1341 1493 1393 sumpsit,
1526 1348 1568 1379 ut
1597 1341 1837 1391 cognomina
1872 1340 2100 1378 nominibus
2135 1352 2246 1391 prae·

271 1417 436 1464 poneret
456 1417 495 1451 et
518 1412 655 1451 Macer
674 1411 867 1461 Heinius,
894 1412 1107 1451 Marcellus
1128 1411 1330 1461 Claudius,
1357 1418 1476 1464 atque
1497 1411 1595 1451 adeo
1625 1412 1813 1451 Scaevola
1841 1410 2009 1460 Quintus
2036 1411 2244 1451 scriberet:

272 1498 348 1537 quo
385 1483 434 1524 de
468 1498 612 1536 genere
645 1483 919 1525 Mommsenus
954 1484 1035 1536 egit
1062 1484 1104 1524 in
1134 1482 1425 1535 Quaestionum
1459 1483 1728 1524 Romanarum
1764 1484 1840 1524 vol.
1866 1495 1882 1524 1
1916 1497 1954 1537 p.
1975 1484 2026 1524 41
2059 1489 2098 1523 et
2123 1488 2247 1522 totam

271 1557 545 1608 quaestionem
567 1570 668 1609 quae
689 1563 750 1597 est
770 1556 818 1596 de
838 1557 971 1610 positu
990 1557 1196 1597 nominum
1215 1556 1487 1597 Romanorum
1509 1556 1702 1596 curiosius
1724 1562 1954 1609 persecutus
1975 1555 2248 1608 Lahmeyerus

271 1628 312 1668 in
337 1628 547 1681 Philologo
572 1640 662 1670 XXII
691 1643 729 1682 p.
751 1629 831 1670 469
858 1642 945 1682 sqq.
994 1627 1104 1679 Quid
1130 1643 1223 1681 ergo
1255 1629 1342 1670 est?
1386 1628 1669 1670 Relabimurne
1701 1628 1751 1668 ad
1780 1629 2008 1682 opinionem
2037 1641 2157 1681 quam
2183 1641 2249 1667 ex-

271 1700 423 1751 plosam
454 1701 693 1753 putabamus
718 1714 797 1753 qua
817 1702 966 1739 Accius
995 1714 1109 1740 suam
1132 1702 1371 1740 sententiam
1394 1702 1575 1740 versibus
1598 1702 1831 1753 exposuisse
1859 1700 2119 1739 credebatur?
2158 1701 2248 1739 Non

270 1772 488 1822 opinamur,
520 1771 590 1810 sed
610 1773 736 1810 Accio
762 1773 962 1823 putaveris
983 1779 1124 1823 poetae
1147 1774 1267 1812 etiam
1287 1774 1329 1812 in
1348 1787 1468 1825 prosa
1488 1774 1667 1812 oratione
1688 1773 1764 1812 hoc
1788 1773 1950 1812 licuisse
1971 1780 2014 1811 ut
2044 1773 2112 1824 qui
2139 1771 2249 1811 Titus

271 1842 448 1882 Maccius
474 1850 579 1882 esset
599 1843 795 1882 Maecium
819 1842 950 1883 Titum
976 1843 1206 1896 appellaret.
1251 1844 1357 1884 Illud
1378 1850 1516 1884 contra
1541 1844 1757 1896 ambigitur
1778 1843 1906 1894 hodie,
1930 1843 2094 1883 Plautus
2115 1843 2248 1883 fuerit-

271 1927 321 1954 ne
341 1927 478 1954 revera
503 1912 613 1954 Titus
633 1913 808 1954 Macciue
835 1920 874 1954 et
899 1914 955 1954 ita
975 1914 1197 1968 appellatus
1225 1915 1286 1966 sit,
1316 1921 1356 1955 et
1379 1914 1463 1955 Leo
1489 1915 1650 1969 quidem
1677 1929 1755 1955 non
1777 1929 1800 1954 a
1825 1915 1978 1955 Maecio
2005 1914 2093 1954 Tito
2120 1915 2251 1954 Macci

277 1985 360 2026 Titi
393 1986 463 2026 sed
489 2001 512 2026 a
547 2000 676 2026 macco
714 1985 801 2025 Tito
839 1986 1010 2025 derivari
1043 1987 1170 2026 voluit
1201 1987 1478 2039 Plautumque,
1512 2000 1628 2040 quem
1660 1988 1701 2025 in
1729 1987 1892 2039 prologo
1923 1988 2134 2026 Asinariae
2159 1985 2248 2037 (10)

271 2060 452 2099 Maccum
481 2059 558 2098 dici
579 2059 844 2098 Buechelerus
874 2058 1081 2109 intellexit,
1115 2059 1294 2098 Maccum
1319 2058 1451 2099 Titum
1472 2067 1553 2099 tam
1582 2060 1623 2098 in
1644 2060 1760 2099 Accii
1791 2060 1923 2099 verbis
1953 2073 2071 2112 quam
2098 2060 2138 2098 in
2160 2074 2247 2112 pro·

271 2131 362 2182 logo
383 2130 616 2171 Mercatoris
646 2130 903 2170 denominari.
949 2129 1068 2180 Quod
1097 2131 1131 2170 si
1161 2137 1267 2170 recte
1297 2131 1494 2181 statuitur,
1527 2137 1566 2170 et
1594 2130 1764 2170 fatemur
1793 2132 1908 2171 nobis
1941 2131 2055 2171 valde
2085 2132 2247 2184 probari

272 2217 371 2256 quae
400 2202 482 2243 Leo
513 2203 561 2243 de
590 2203 715 2243 initiis
744 2217 790 2243 ac
819 2202 1094 2256 progrediente
1129 2203 1282 2243 ratione
1317 2204 1523 2243 nominum
1552 2202 1828 2243 Plautinorum
1864 2204 2064 2256 exposuit,
2101 2217 2151 2243 ne
2187 2210 2248 2243 est

271 2275 431 2327 quidem
460 2275 566 2327 quod
596 2275 643 2314 de
673 2275 925 2328 transpositis
955 2274 1184 2314 nominibus
1206 2274 1458 2327 disceptetur,
1482 2288 1583 2327 quae
1603 2275 1780 2314 nondum
1801 2276 1840 2314 in
1862 2276 1984 2314 istum
2004 2275 2246 2315 tralaticium

271 2353 310 2386 et
339 2346 495 2386 civilem
526 2346 706 2386 ordinem
734 2347 932 2397 abierunt,
963 2345 1032 2385 sed
1061 2347 1232 2386 Accium
1266 2347 1527 2398 intelligimus
1556 2353 1716 2399 poetam
1746 2362 1824 2387 non
1855 2348 2031 2399 potuisse
2067 2348 2141 2387 nisi
2180 2354 2248 2386 aut

444 2515 474 2557 ‘)
498 2516 539 2549 In
563 2515 789 2549 adnotatione
813 2515 988 2549 afferimus
1012 2514 1142 2556 lepidos
1167 2514 1292 2548 Lucilii
1315 2525 1451 2556 versus,
1481 2516 1605 2558 quippe
1631 2526 1673 2549 ex
1698 2516 1820 2557 quibus
1848 2516 1932 2550 item
1964 2516 2087 2557 discas,
2118 2520 2249 2557 quanta

270 2576 435 2610 libertate
460 2580 598 2610 veteres
621 2576 656 2609 in
680 2576 857 2609 variandis
881 2575 1051 2609 hominum
1073 2574 1267 2608 nominibus
1289 2576 1344 2609 usi
1368 2576 1448 2609 siut.

599 2636 756 2671 Graecum
779 2643 816 2678 te,
841 2636 998 2677 Albuci,
1022 2647 1114 2680 quam
1137 2635 1311 2669 Romanum
1333 2641 1425 2680 atque
1447 2635 1609 2678 Sabinum,

600 2697 791 2742 Municipem
815 2697 915 2739 Ponti,
940 2697 1097 2738 Tritanni‚
1121 2698 1346 2738 centurionum,

599 2759 842 2793 Praeclarorum
864 2761 1019 2794 hominum
1041 2771 1079 2792 ac
1099 2761 1274 2802 primorum
1296 2761 1542 2803 siqniferumque

600 2819 748 2854 Maluisti
768 2821 843 2854 dici.
877 2820 998 2854 Graece
1020 2830 1092 2863 erqo
1113 2825 1243 2863 praetor
1267 2820 1412 2861 Athenis,

597 2880 641 2913 Id
662 2882 746 2924 quod
767 2882 916 2923 maluisti,
939 2887 977 2921 te,
1002 2892 1069 2914 cum
1092 2881 1138 2914 ad
1157 2891 1205 2914 me
1226 2882 1361 2921 accedis,
1385 2882 1503 2914 saluto.-

598 2944 714 2987 Χαῖρε,
738 2942 876 2986 inquam,
902 2941 1002 2983 Tite,
1026 2942 1160 2982 lictores,
1184 2946 1288 2974 turma
1309 2943 1408 2974 omnis
1431 2942 1616 2985 cohorsque:

596 3005 713 3045 Χαῖρε,
738 3002 833 3035 Tite.
868 3002 940 3035 ltine
962 3002 1055 3035 hostis
1077 3003 1122 3034 mi
1143 3002 1351 3044 Albucius,
1375 3002 1447 3035 hinc
1469 3003 1624 3036 inimicus.

1936 3069 1957 3101 Ni

1966 3068 1980 3085 1:-
