2545 3397
1236 92 1263 130 4

459 201 719 253 Madvigiana
752 203 1087 242 commentatione
1117 203 1315 241 excitatus
1345 201 1394 241 G.
1414 200 1670 240 Hermannus
1701 215 1734 239 a.
1760 201 1863 240 1841
1894 215 1992 253 quos
2023 201 2089 240 ille
2114 201 2237 240 libros

261 288 380 325 prosa
395 274 572 312 oratione
590 281 773 314 exaratos
790 289 878 314 cum
896 275 1013 326 vulgo
1030 275 1253 315 crediderat
1268 289 1355 315 cum
1371 273 1460 314 aliis
1476 273 1697 313 rationibus
1714 279 1797 313 tum
1812 272 1992 326 reliquiis
2012 273 2110 327 ipsis
2130 279 2238 314 certa

261 352 476 385 metrorum
493 347 663 398 vestigia
678 347 938 400 prodentibus
960 348 1140 387 versibus
1162 362 1248 387 esse
1270 346 1507 399 compositos
1528 352 1824 398 argumentatus
1845 345 2087 385 trochaicum
2104 360 2236 385 nume-

260 432 346 456 rum
370 419 544 457 restituit
570 420 770 471 verbaque
797 420 865 458 illa
891 433 991 470 quae
1013 426 1105 458 sunt
1125 419 1172 458 de
1189 419 1321 458 Plauti
1341 418 1567 465 comoediis,
1590 431 1689 470 quae
1710 417 1758 456 ad
1779 428 2089 458 DlnAscALICON
2113 418 2237 458 libros

260 495 367 528 recte
387 490 526 529 referri
547 492 756 539 concessit,
784 490 857 529 hoc
877 489 995 530 modo
1017 490 1228 543 descripsit
1258 489 1376 542 (Opp.
1398 501 1470 529 vlu
1500 503 1537 541 p.
1560 486 1658 541 392)

593 561 777 613 Namque
800 576 869 601 nec
897 560 1055 601 Gemini
1079 562 1243 613 lenones,
1270 576 1340 601 nec
1365 560 1609 610 Condalium,
1637 573 1715 599 non
1741 560 1853 599 Anus

594 633 746 681 Plauti,
773 646 842 671 nec
866 632 940 671 Bia
961 646 1181 685 compreesa
1207 640 1276 671 aut
1299 633 1465 672 Boeotia
1491 634 1587 671 eius
1618 645 1805 683 umquam
1822 633 1921 682 fuit,

594 704 732 755 Neque
760 706 856 742 adeo
882 706 1097 756 Ayroecue,
1123 719 1246 756 neque
1265 705 1562 744 Commorientes
1581 704 1649 743 sed
1668 704 1802 743 Marci
1824 703 1917 752 Titi,

265 776 333 814 sed
358 783 399 814 ut
419 776 452 814 is
475 789 630 827 quoque
652 775 781 815 ultimi
802 775 974 815 nominis
996 775 1232 828 scripturam
1254 776 1294 816 in
1316 776 1500 828 ambiguo
1520 775 1772 828 relinqueret.

461 846 683 886 Hermanni
704 847 903 887 sententia
918 846 1163 887 Ritschelius
1185 854 1352 901 excepta
1372 847 1497 887 ethos
1519 861 1656 887 versus
1677 860 1764 886 esse
1785 852 1824 885 et
1843 845 2086 885 trochaicum
2105 858 2237 883 nume-

263 932 350 956 rum
371 917 672 956 instaurandum
695 919 891 970 probavit.
923 917 1002 967 Qui
1025 932 1114 957 cum
1136 933 1182 957 ea
1203 919 1251 957 de
1273 933 1313 958 re
1334 926 1468 969 ageret
1488 920 1526 957 in
1550 919 1829 958 dissertatione
1851 918 1898 956 de
1920 917 2051 956 Plauti
2072 917 2237 956 nomini-

262 990 335 1028 bus
365 1003 399 1027 a.
426 989 527 1028 1841
559 989 676 1039 edita,
707 991 875 1041 repetita
901 998 1031 1029 autem
1061 990 1101 1029 in
1128 991 1328 1042 Parergon
1358 991 1631 1030 Plautinorum
1659 989 1859 1029 volumine
1885 1001 1911 1038 1,
1944 988 2050 1028 felici
2079 988 2237 1039 ingenio

261 1060 429 1111 contigit
455 1068 497 1099 ut
523 1074 623 1112 quae
650 1061 689 1100 in
713 1061 902 1101 extremis
924 1061 1056 1102 verbis
1084 1062 1317 1102 versibusve
1338 1062 1527 1102 Accianis
1555 1061 1675 1100 dubia
1695 1067 1734 1100 et
1754 1061 1905 1099 incerta
1926 1074 2013 1098 eum
2034 1059 2237 1109 Madvigio

259 1130 517 1171 Hermannus
545 1131 780 1172 destituerat
806 1132 1048 1172 obscuritate
1075 1132 1233 1173 sublata
1257 1133 1299 1172 in
1320 1133 1430 1173 clara
1455 1133 1541 1173 luce
1562 1138 1782 1185 reponeret.
1817 1131 1973 1170 Memor
1993 1132 2097 1169 enim
2119 1132 2238 1170 vesti·

260 1205 415 1256 giorum
450 1203 625 1243 Plautini
661 1204 835 1244 nominis
865 1219 889 1243 a
918 1204 1079 1256 vulgato
1116 1204 1263 1244 diversi
1303 1219 1326 1244 a
1363 1219 1405 1244 se
1439 1205 1478 1244 in
1515 1205 1651 1244 codice
1693 1204 1960 1243 Ambrosiano
1995 1209 2239 1255 repertorum

265 1275 309 1314 T.
334 1277 530 1314 Maecium
550 1276 680 1328 potius
701 1289 818 1328 quam
846 1277 902 1314 M.
925 1277 1089 1315 Accium
1114 1277 1374 1315 indicantium
1397 1277 1681 1328 scripturisque
1702 1275 1897 1315 Gellianis
1919 1289 2019 1327 quae
2040 1282 2173 1314 essent
2198 1275 2238 1313 in

262 1349 443 1387 versibus
481 1348 670 1386 Accianis
711 1348 1008 1386 accuratissime
1044 1349 1222 1388 excussis
1258 1363 1303 1388 co
1339 1348 1499 1387 devenit
1533 1354 1574 1387 ut
1602 1348 1643 1387 in
1673 1353 1849 1387 extrema
1883 1353 1993 1400 parte
2029 1347 2237 1386 verborum

261 1420 378 1459 Accii
400 1436 479 1459 non
496 1420 597 1459 alius
614 1419 820 1459 cuiusdam
837 1426 975 1472 poetae
996 1434 1140 1460 nomen
1158 1419 1227 1460 sed
1249 1420 1373 1472 ipsius
1390 1419 1520 1460 Plauti
1541 1419 1830 1460 restituendum
1850 1419 2090 1471 intelligeret
2109 1418 2237 1471 splen-

262 1491 434 1542 didoque
462 1491 643 1530 acumine
671 1505 796 1543 paene
825 1491 926 1530 ultro
948 1506 996 1530 ex
1022 1492 1121 1544 ipsis
1148 1492 1329 1531 codicum
1356 1492 1562 1544 scripturis
1583 1492 1855 1544 prosilientem
1877 1492 2044 1531 formam
2065 1490 2238 1530 nominis

262 1562 394 1601 Macci
418 1562 501 1602 Titi
525 1562 750 1602 suscitaret:
783 1563 824 1601 in
851 1563 963 1602 cuius
989 1564 1047 1602 rei
1073 1563 1191 1602 fidem
1219 1563 1372 1602 addidit
1396 1563 1502 1602 idem
1528 1577 1672 1602 nomen
1698 1563 1942 1615 eandemque
1968 1563 2052 1601 eius
2072 1562 2239 1601 formam

262 1649 310 1673 ex
327 1635 533 1674 simillima
549 1635 681 1686 specie
698 1635 915 1686 scripturae
933 1635 971 1673 in
991 1649 1107 1674 versu
1125 1635 1278 1686 prologi
1295 1634 1528 1674 Mercatoris
1544 1634 1752 1674 Plautinae
1769 1634 1855 1683 (10)
1871 1634 2106 1686 recuperari,
2124 1647 2239 1686 quem

263 1721 420 1745 versum
452 1706 508 1745 ita
538 1705 792 1745 scribendum
823 1705 968 1745 docuit.

592 1777 743 1817 Eadem
772 1776 916 1817 Latine
945 1777 1143 1817 Mercator
1172 1778 1305 1817 Macci
1336 1777 1428 1818 Titi.

262 1850 460 1889 Versuum
483 1856 613 1889 autem
631 1850 899 1889 Accianorum
921 1851 1061 1890 tertius
1080 1857 1214 1903 utpote
1235 1851 1313 1890 iam
1336 1851 1444 1890 exitu
1467 1850 1551 1891 eius
1571 1850 1754 1890 restituto
1775 1863 1938 1890 necesse
1959 1856 2044 1889 erat
2063 1864 2241 1889 seorsum

262 1923 312 1962 ab
334 1922 557 1961 Hermanni
582 1922 736 1961 ratione
758 1922 1050 1962 emendaretur:
1082 1922 1123 1961 id
1145 1923 1249 1974 quod
1272 1922 1515 1962 Ritschelius
1537 1923 1592 1961 ita
1618 1923 1827 1975 temptavit
1847 1928 1890 1961 ut
1909 1922 1986 1961 tria
2006 1928 2242 1974 proponeret

263 1995 462 2047 exempla3
480 1996 537 2034 sic
554 1995 660 2034 enim
676 1994 906 2046 ambigebat
920 1995 1005 2047 ipse
1021 2001 1183 2046 propter
1197 1995 1446 2034 renuentium
1464 1995 1672 2034 verborum
1689 1994 1960 2048 asperitatem3
1977 2008 2093 2046 posse
2110 2001 2241 2033 autem

263 2067 384 2105 scribi
411 2067 564 2117 putavit

463 2141 517 2173 vel
593 2137 677 2176 Nec
692 2137 783 2187 fuit
802 2138 898 2176 adeo
921 2138 1121 2190 Aqroecue
1140 2151 1265 2190 neque
1284 2136 1579 2177 Commorientes
1601 2138 1733 2178 Macci
1754 2138 1833 2177 Titi

463 2212 515 2245 vel
599 2208 737 2261 Neque
757 2209 953 2260 Aqroecoe
973 2223 1096 2262 neque
1116 2210 1213 2248 adeo
1235 2209 1531 2248 Commorientes
1540 2210 1629 2260 fuit
1648 2210 1781 2248 Macci
1804 2209 1887 2248 Titi

462 2283 516 2316 vel
599 2280 735 2333 Neque
754 2282 851 2319 adeo
866 2281 954 2332 fuit
975 2281 1274 2321 Commorientes
1295 2295 1416 2333 neque
1436 2282 1637 2334 Aqroecue
1656 2282 1789 2320 Macci
1812 2281 1903 2320 Titi.

462 2351 529 2391 Ad
556 2352 722 2391 eandem
753 2366 912 2391 causam
940 2353 1243 2405 disceptandam
1271 2360 1361 2405 post
1387 2353 1650 2392 Ritschelium
1678 2353 1848 2392 accessit
1866 2351 2147 2392 Lachmannus
2174 2352 2241 2404 qui

263 2426 304 2463 in
326 2425 527 2477 prooemio
555 2439 588 2463 a.
610 2424 715 2465 1849
737 2423 858 2477 (Opp.
881 2439 918 2477 p.
941 2424 1011 2475 67)
1038 2426 1094 2465 ita
1120 2425 1317 2475 disseruit,
1346 2432 1387 2464 ut
1407 2439 1431 2464 a
1451 2425 1671 2465 Ritschelio
1696 2425 1922 2465 restitutum
1943 2424 2073 2464 Plauti
2098 2438 2241 2464 nornen

264 2506 302 2536 et
323 2498 407 2537 eius
429 2497 601 2537 nominis
630 2496 797 2536 formam
818 2498 935 2536 Accii
962 2497 1143 2537 versibus
1170 2497 1366 2537 redditam
1387 2497 1639 2537 vehementer
1664 2498 1861 2551 probaret,
1890 2497 1960 2537 sed
1982 2495 2242 2537 Sotadeorum

267 2583 450 2608 versuum
472 2576 655 2608 naturam
677 2576 715 2607 et
736 2583 850 2608 usum
878 2568 1078 2608 subtiliter
1098 2576 1367 2621 perscrutatus
1395 2568 1442 2608 de
1463 2569 1576 2608 Accii
1603 2580 1916 2610 D1DASCALICON
1942 2569 2055 2609 libris
2080 2570 2137 2609 ita
2156 2582 2241 2609 sen-

265 2640 368 2689 tiret,
393 2640 574 2679 versibus
596 2639 686 2679 illos
707 2638 868 2690 quidem
890 2640 1131 2693 compositos
1152 2640 1273 2680 fuisse
1300 2640 1369 2680 sed
1392 2654 1468 2678 non
1497 2640 1641 2692 quibus
1662 2640 1918 2680 Hermannus
1941 2648 1979 2680 et
1999 2640 2243 2680 Ritschelius

266 2711 475 2749 voluerunt
496 2711 720 2761 trochaicis,
753 2711 822 2750 sed
843 2712 986 2750 ionicis
1007 2711 1086 2750 illis
1109 2727 1132 2750 a
1152 2712 1299 2751 Sotade
1320 2719 1437 2763 poeta
1458 2712 1735 2762 denominatis,
1759 2726 1926 2764 quorum
1947 2727 2106 2752 normas
2128 2712 2243 2751 modo

266 2782 541 2833 descripserat.
586 2781 739 2834 Itaque,
767 2789 810 2820 ut
836 2781 1041 2821 mittamus
1062 2782 1226 2834 reliqua,
1254 2782 1345 2822 illos
1366 2788 1447 2822 tres
1470 2796 1618 2833 versus,
1647 2783 1714 2836 qui
1735 2783 1851 2822 nobis
1873 2790 1965 2822 sunt
1984 2784 2024 2822 in
2046 2783 2242 2832 manibus,

264 2852 340 2893 hoc
361 2853 478 2892 modo
500 2852 703 2893 dimensus
725 2859 795 2891 est.

595 2924 703 2963 Na'm
727 2938 797 2963 nec
825 2923 1006 2964 Geminei
1028 2925 1178 2965 Leones
1201 2928 1272 2965 ne'c
1297 2925 1531 2966 Condalium
1554 2940 1624 2965 nec

597 2994 765 3035 Plau'ti
787 2996 914 3046 Anus,
944 3011 1015 3036 nec
1038 2997 1113 3036 Bis
1138 3011 1361 3050 comprensa
1384 3001 1453 3037 nec
1478 2998 1643 3038 Boeotia
1669 2999 1767 3037 eius
