2545 3397
1268 76 1295 116 9

294 184 359 224 Ex
388 185 532 237 quibus
560 185 782 226 Lambinus
812 185 974 238 primus,
1006 184 1096 225 dein
1126 184 1353 237 Madvigius
1382 183 1505 235 (Adv.
1527 185 1613 225 crit.
1634 197 1665 225 11
1692 200 1729 237 p.
1752 185 1832 225 212
1852 184 1936 237 fg.),
1967 185 2109 225 iisdem
2139 198 2265 237 paene

296 261 459 308 uterque
499 257 719 296 rationibus
759 262 799 294 et
834 256 965 295 verbis
997 269 1089 296 usus
1125 257 1247 295 verba
1281 257 1329 295 ab
1363 256 1504 307 inferis
1538 257 1790 308 expulerunt,
1835 262 1968 308 utpote
2003 270 2105 308 quae
2144 257 2264 294 inter-

296 328 531 380 pretamenti
549 327 637 367 loco
657 327 707 366 ad
736 327 988 379 insequentia
1009 340 1138 380 paene
1156 340 1204 366 ex
1222 328 1439 367 Acheronte
1467 327 1668 379 adscripta
1696 329 1877 380 primum,
1910 335 2000 380 post
2020 328 2149 365 alieno
2176 327 2263 365 loco

296 401 336 439 in
367 400 544 440 ordinem
574 402 733 440 invecta
762 406 907 439 essent.
951 397 1030 439 Sed
1060 400 1094 440 si
1113 400 1211 439 haec
1231 407 1385 440 tantum
1406 400 1554 452 scripta
1573 407 1687 439 erant
1715 409 1757 439 ut
1784 400 1941 439 haberet
1967 402 2009 439 in
2039 400 2201 439 consilio
2231 408 2266 438 et

283 472 459 523 fratrem
477 474 624 512 socium
643 486 774 510 rerum
792 486 952 510 enarum
971 480 1005 510 et
1025 486 1153 510 omnes
1162 472 1336 512 Metellos
1348 468 1708 525 praestantissimos
1729 474 1832 511 viros
1849 486 1974 524 paene
1989 486 2035 510 ex
2051 471 2266 511 Acheronte

295 546 491 594 excitatos,
527 544 596 584 vix
631 550 715 583 erat
750 543 855 595 quod
890 543 959 582 illa
992 544 1223 596 perspicuae
1258 544 1426 584 orationi
1456 543 1742 596 interpretandi
1779 558 1897 584 causa
1931 543 2262 592 adscriberentur,

295 616 372 656 nisi
392 616 480 669 quis
510 615 610 656 forte
641 614 689 655 de
719 614 910 655 varietate
940 614 1098 655 dicendi
1128 614 1338 657 admonere
1369 614 1494 657 voluit
1522 615 1616 668 quia
1636 613 1777 656 Cicero
1808 622 1846 656 et
1875 615 1992 668 paulo
2022 622 2114 669 post
2133 615 2186 656 26
2216 614 2263 655 ab

294 687 434 739 inferis
462 687 685 726 excitandos
715 692 754 725 et
782 699 852 738 pro
882 685 1073 725 Marcello
1104 687 1244 725 scribit
1268 688 1304 738 6,
1325 689 1373 727 17
1404 688 1544 726 multoe
1575 687 1717 726 Caesar
1752 688 1799 725 ab
1829 688 1970 738 inferis
2005 689 2193 725 excitaret
2227 694 2267 724 et

295 760 335 798 in
358 759 494 797 eadem
514 772 557 797 re
580 758 784 796 referenda
812 759 869 796 ita
888 758 1060 810 loquitur
1088 758 1131 797 in
1151 755 1333 797 Sestiana
1354 759 1419 810 62,
1440 759 1518 798 130
1538 773 1624 797 cum
1652 759 1718 797 ille
1738 773 1867 797 omnes
1890 773 2019 811 prope
2047 758 2095 796 ab
2125 759 2266 808 inferis

295 837 486 870 evocasset
516 830 706 880 Metell083
746 829 814 868 sed
851 844 901 868 ne
938 829 977 868 id
1008 829 1167 882 quidem
1199 830 1312 870 valde
1348 830 1555 883 probabile
1591 837 1651 870 est
1686 836 1894 882 propterea
1928 829 2034 882 quod
2065 830 2187 869 verba
2215 829 2263 868 ab

293 901 434 952 inferis
463 915 541 940 non
572 900 701 939 alieno
731 900 817 940 loco
848 900 1003 940 adiecta
1031 907 1123 940 sunt
1152 900 1222 940 sed
1252 916 1333 951 suo,
1366 902 1554 954 quoniam
1582 901 1704 940 frater
1731 915 1886 953 quoque
1912 901 2066 940 Metelli
2095 900 2161 951 (de
2188 915 2264 953 quo

296 973 385 1012 vide
414 970 516 1012 Sest.
548 973 614 1021 62,
636 970 741 1023 131),
775 979 908 1025 utpote
938 973 1014 1012 iam
1045 978 1233 1024 mortuus,
1269 988 1406 1013 revera
1434 979 1519 1014 erat
1547 973 1596 1013 ab
1625 974 1765 1024 inferis
1795 973 2020 1013 evocandus
2056 978 2096 1013 et
2130 981 2265 1025 aptum

296 1050 380 1084 erat
408 1044 482 1084 hoc
512 1045 647 1084 statim
676 1045 718 1084 in
747 1045 1121 1084 commemoratione
1150 1045 1283 1085 fratris
1312 1045 1418 1085 addi.
1475 1045 1530 1085 Ut
1559 1045 1735 1084 breviter
1764 1045 1953 1095 dicamus,
1985 1045 2102 1084 nobis
2124 1042 2265 1084 Cicero

296 1130 344 1155 ex
364 1116 434 1155 illa
453 1130 571 1168 quam
592 1117 894 1169 explanavimus
916 1123 1112 1156 structura
1132 1116 1207 1156 hoc
1227 1117 1383 1157 videtur
1404 1117 1575 1156 voluisse
1605 1125 1640 1156 et
1656 1117 1831 1168 fratrem
1853 1117 1898 1155 ab
1919 1117 2061 1169 inferis
2081 1125 2118 1156 et
2138 1130 2265 1155 omnes

296 1189 469 1227 Metellos
498 1189 704 1235 excitat085
740 1188 843 1240 quod
879 1188 974 1241 quia
1006 1203 1087 1228 non
1116 1195 1197 1228 tam
1228 1189 1401 1241 simplici
1435 1189 1612 1228 oratione
1648 1188 1717 1227 sed
1748 1189 1928 1227 uberiore
1959 1188 2075 1240 paulo
2107 1202 2154 1227 ac
2184 1202 2265 1226 ver-

295 1260 453 1300 bosiore
483 1260 729 1311 exprimitur,
766 1260 914 1299 factum
950 1267 1011 1299 est
1048 1267 1091 1299 ut
1126 1260 1268 1299 deinde
1298 1260 1348 1299 ad
1379 1261 1554 1299 Metellos
1583 1260 1729 1299 additis
1767 1260 1910 1312 quibus
1946 1274 2044 1312 opus
2075 1274 2152 1299 non
2184 1266 2268 1298 erat

296 1346 344 1370 ex
369 1332 447 1371 ista
475 1332 627 1370 ratione
658 1332 789 1370 verbis
816 1345 941 1383 paene
969 1345 1015 1371 ex
1035 1332 1251 1371 Acheronte
1279 1331 1444 1371 eandem
1475 1345 1593 1384 quam
1624 1339 1715 1370 ante
1746 1332 1983 1370 sententiam
2015 1331 2085 1370 sed
2116 1332 2267 1370 variata

296 1403 472 1443 oratione
505 1403 667 1442 referret
701 1410 740 1442 et
774 1403 968 1455 graviore.
1012 1403 1154 1456 Itaque
1191 1403 1224 1444 si
1259 1403 1353 1456 quid
1385 1402 1622 1443 demendum
1654 1411 1724 1454 est,
1763 1403 1860 1442 haec
1896 1404 2026 1455 potius
2058 1402 2267 1442 demantur

296 1481 462 1527 oportet,
495 1488 595 1527 quae
625 1480 756 1512 tamen
786 1475 875 1526 quis
905 1488 928 1512 a
958 1488 999 1513 se
1029 1475 1259 1527 impetrabit
1289 1482 1331 1513 ut
1359 1476 1408 1513 ab
1440 1473 1634 1514 Cicerone
1664 1474 1876 1513 abiudicet.

492 1543 571 1585 Sed
601 1545 705 1598 quod
735 1544 988 1597 Ciceronem,
1021 1546 1055 1586 si
1084 1546 1178 1598 quid
1209 1552 1417 1599 peccatum
1447 1554 1517 1596 est,
1550 1547 1778 1598 peccavisse
1808 1546 1940 1597 ipsum
1970 1546 2184 1596 arguimus,
2216 1560 2265 1585 ne

296 1618 359 1658 cui
388 1617 533 1657 mirum
562 1616 752 1668 videatur,
790 1631 839 1657 en
874 1617 1041 1657 alterum
1076 1617 1315 1671 exemplum,
1353 1617 1471 1658 vilius
1502 1617 1583 1668 illo,
1615 1617 1685 1657 sed
1716 1617 1820 1670 quod
1852 1624 1984 1657 tamen
2015 1631 2095 1657 non
2122 1616 2265 1657 infruc-

296 1696 452 1729 tuosum
469 1689 521 1729 sit
536 1688 763 1728 attendisse.
794 1688 842 1728 In
864 1689 980 1728 tertia
1001 1688 1154 1728 decima
1174 1689 1352 1728 oratione
1372 1689 1413 1728 in
1433 1689 1655 1728 Antonium
1679 1690 1741 1736 17,
1765 1689 1816 1728 36
1838 1702 1887 1727 ex
1907 1690 2075 1728 Antonii
2095 1689 2267 1740 epistula

295 1761 393 1800 haec
422 1761 649 1800 afferuntur.

623 1832 783 1883 difficile
810 1839 866 1871 eet
892 1832 1076 1870 credere
1104 1845 1181 1881 eoa,
1212 1833 1282 1884 qui
1308 1845 1367 1870 me
1392 1833 1648 1884 praecipitem
1677 1833 1823 1882 eqerint
1850 1833 2107 1883 aequissimas
2134 1832 2265 1870 condi-

623 1905 750 1944 ciones
767 1903 959 1955 ferentem
988 1910 1024 1943 et
1050 1910 1178 1944 tamen
1206 1917 1253 1943 ex
1280 1904 1331 1943 iis
1361 1903 1515 1957 aliquid
1533 1904 1723 1943 remittere
1743 1904 1986 1956 coyitantem‚
2008 1910 2176 1957 putare
2194 1903 2265 1943 ali·

623 1978 720 2028 quid
747 1977 940 2015 moderate
968 1983 1037 2015 aut
1063 1976 1228 2015 humane
1256 1990 1335 2015 esee
1350 1969 1549 2027 factnroe.

295 2048 476 2100 Apparet
511 2047 587 2087 duo
621 2048 743 2087 verba
777 2049 930 2087 credere
964 2054 1002 2087 et
1034 2055 1175 2099 putare
1209 2062 1250 2088 se
1286 2048 1467 2100 excipere
1504 2054 1593 2100 apte
1628 2048 1668 2086 in
1706 2047 1780 2086 hac
1809 2032 1987 2086 oratione
2017 2061 2096 2086 non
2128 2061 2263 2098 posse:

293 2125 448 2170 poterat
476 2125 685 2172 utrumque
715 2125 820 2159 recte
850 2119 981 2169 scribi,
1013 2125 1080 2159 aut
1108 2119 1268 2171 dffficile
1287 2127 1340 2158 eet
1359 2120 1559 2170 credere,
1589 2133 1651 2158 eoe
1672 2120 1743 2171 qui
1762 2149 1770 2158 .
1795 2148 1802 2156 .
1824 2121 1980 2171 eyerint,
2002 2120 2168 2158 humane
2188 2133 2266 2158 esee

289 2190 467 2238 facturos
497 2196 564 2229 aut
593 2191 754 2242 dfffiCile
782 2199 837 2230 est
855 2205 918 2231 eos
947 2193 1017 2244 qui
1036 2220 1043 2229 .
1065 2221 1073 2229 .
1096 2193 1244 2244 eqerint
1270 2198 1439 2244 putare
1466 2191 1632 2230 humane
1651 2204 1730 2229 eece
1746 2191 1944 2242 facturos.
1990 2192 2122 2229 Ambo
2144 2192 2266 2230 verba

294 2262 335 2300 in
365 2261 503 2300 eodem
533 2263 737 2302 enuntiato
766 2264 876 2315 iungi
906 2263 1118 2303 molestum
1147 2269 1218 2303 est.
1262 2263 1403 2315 Itaque
1433 2263 1529 2303 olim
1559 2269 1711 2302 veteres
1743 2263 1871 2302 critici
1897 2270 2037 2314 putare
2068 2270 2109 2301 ut
2135 2276 2264 2301 errore

294 2339 431 2372 natum
459 2332 710 2384 induxerunt,
741 2335 953 2374 verissimo
982 2335 1041 2374 illi
1062 2335 1221 2387 quidem
1241 2349 1372 2384 sensu,
1394 2336 1582 2387 quoniam
1604 2336 1637 2374 si
1658 2335 1824 2373 alterum
1845 2342 1975 2373 utrum
1995 2334 2261 2373 abiiciendum

295 2410 365 2454 est,
394 2412 536 2457 putare
564 2405 817 2445 verisimilius
848 2413 909 2446 est
938 2420 1025 2446 esse
1055 2406 1159 2459 quod
1189 2414 1345 2459 praeter
1374 2407 1600 2459 opinionem
1622 2407 1834 2446 scribentis
1856 2406 2052 2444 adiectum
2075 2406 2137 2444 sit.
2182 2404 2262 2444 Sed

290 2483 431 2530 putare
465 2476 605 2517 abesse
640 2490 716 2516 non
755 2483 886 2529 potest
915 2478 1060 2531 quippe
1090 2478 1194 2532 quod
1226 2478 1419 2519 Prisciani
1451 2478 1720 2518 testimonium
1751 2485 1904 2516 tueatur
1934 2476 2031 2515 haec
2060 2476 2260 2522 afferentis

293 2549 362 2588 lib.
382 2560 440 2588 XV
465 2562 502 2601 p.
526 2549 588 2596 70,
613 2549 664 2588 10
694 2548 824 2588 Cicero
853 2552 897 2588 in
924 2562 1000 2590 xm
1029 2551 1350 2604 Philippicarum
1377 2550 1545 2603 “putare
1579 2551 1735 2602 aliquid
1767 2550 1961 2587 moderate
1995 2557 2063 2586 aut
2095 2549 2262 2587 humane

281 2617 525 2672 facturum?³
567 2619 706 2673 Itaque
736 2621 888 2660 credere
917 2620 965 2660 de
995 2621 1087 2660 sede
1118 2637 1190 2661 sua
1218 2622 1481 2661 deiiciendum
1511 2628 1581 2672 est,
1613 2621 1718 2673 quod
1737 2620 1935 2670 librarius,
1958 2621 2013 2659 ait
2033 2620 2261 2672 Madvigius

293 2691 416 2744 (Adv.
434 2693 518 2732 crit.
535 2705 581 2732 111
601 2707 636 2745 p.
656 2689 762 2742 155),
785 2691 835 2731 ad
856 2692 1017 2742 difficile
1034 2701 1089 2732 eet
1108 2692 1272 2743 addidit,
1300 2707 1388 2732 cum
1414 2692 1587 2732 nondum
1607 2691 1954 2731 animadvertisset
1975 2693 2085 2744 sequi
2105 2700 2261 2744 putare.

292 2872 408 2903 rubeum
435 2870 486 2902 vel
508 2879 636 2911 yravem
658 2869 864 2908 convertisset,
888 2868 1124 2900 conlacrimavit
1144 2868 1195 2899 vir
1218 2868 1358 2910 eqreqiue
1380 2878 1418 2900 ac
1446 2878 1517 2900 vere
1541 2867 1685 2901 Metellus
1710 2878 1792 2909 eqs.,
1824 2866 1975 2900 forsitan
2004 2867 2263 2901 intellexissent

292 2928 379 2962 nihil
401 2928 514 2972 magis
538 2927 730 2972 appositum
754 2927 789 2962 in
811 2927 872 2962 illa
897 2926 1052 2961 oratione
1075 2925 1230 2971 potuisse
1255 2925 1369 2970 scribi,
1392 2936 1494 2969 quam
1518 2927 1608 2969 quod
1632 2932 1814 2962 exaratum
1839 2937 1915 2962 esse
1939 2926 1974 2962 in
1999 2927 2096 2962 libris
2122 2928 2261 2971 scriptis

291 2988 358 3033 ipsi
381 2992 560 3025 testantur
581 3000 684 3024 omnes
700 2988 839 3024 Metellos
854 3015 862 3023 .
881 3015 888 3023 .
904 2990 938 3022 in
960 2989 1070 3033 quibus
1093 2988 1293 3022 Numidicum
1315 2989 1404 3022 illum
1429 2988 1597 3022 Metellum.
