2545 3397
1269 115 1294 153 6

282 224 331 263 ad
353 224 631 277 explicandam
653 224 845 263 orationis
865 224 1034 264 formam
1051 225 1338 277 verborumque
1360 224 1598 263 sententiam
1612 223 1867 276 aperiendam
1885 237 1927 262 se
1944 224 2065 264 daret.
2096 224 2137 263 Is
2152 224 2257 263 enim

282 296 471 349 quoniam
502 296 648 348 duplex
678 295 808 334 Plauti
840 310 985 336 nomen
1016 297 1057 335 in
1088 297 1344 348 superstitum
1374 295 1595 334 fabularum
1625 295 1801 347 prologis
1831 297 2013 346 occurrit,
2050 297 2090 336 in
2121 296 2258 349 paucis

281 369 439 415 Plauti,
477 369 599 408 semel
634 369 675 407 in
710 368 935 408 Mercatore
970 370 1102 408 Macci
1138 369 1236 419 Titi,
1273 368 1375 408 hanc
1409 367 1636 422 opinionem
1670 373 1802 408 mente
1839 368 2040 420 concepit,
2073 368 2257 419 Accium,

281 441 393 479 cuius
420 440 542 480 verba
568 439 736 479 eandem
761 441 936 480 nominis
963 440 1270 493 discrepantiam
1296 440 1453 489 habent,
1485 452 1551 479 eas
1581 439 1748 489 fabulas,
1780 453 1878 492 quas
1907 446 2026 491 negat
2051 439 2257 480 Plautinas

281 526 380 562 esse,
398 511 648 563 prologorum
671 525 808 551 earum
830 512 983 552 ratione
1006 511 1154 563 habita,
1177 517 1246 551 aut
1259 511 1400 551 Plauti
1414 524 1499 550 esse
1515 516 1583 549 aut
1598 511 1731 550 Macci
1749 510 1832 550 Titi
1845 511 2097 561 negitavisse,
2120 517 2257 564 utpote

281 584 346 636 qui
373 583 560 636 prologis,
598 584 665 636 qui
699 598 777 622 non
813 584 894 623 sint
920 584 1105 634 Plautini,
1137 583 1256 622 fidem
1282 597 1358 622 non
1386 597 1472 622 esse
1504 583 1729 621 habendam
1760 583 1837 622 sibi
1871 583 2156 634 persuasissett,
2188 584 2256 622 sed

280 655 450 694 Accium
481 669 561 694 non
595 656 826 695 substitisse
853 657 895 694 in
923 655 1196 694 discernendis
1224 655 1378 694 duobus
1403 654 1614 706 generibus
1640 654 1864 694 fabularum
1884 654 1983 695 falso
2003 653 2054 693 ad
2073 653 2257 694 Plautum

279 729 494 768 relatarum
529 728 601 768 sed
631 729 793 768 tertium
824 727 1026 768 addidisse
1057 726 1161 780 quod
1191 726 1366 767 medium
1395 727 1497 767 inter
1525 726 1597 767 illa
1627 725 1703 767 duo
1739 726 1895 767 diverso
1931 726 2063 767 Plauti
2098 725 2258 766 nomine

281 801 455 840 discreta
484 801 732 841 intercedere
760 800 961 851 voluisset,
989 805 1028 839 et
1053 799 1127 839 hae
1158 800 1251 852 quia
1279 800 1436 840 fabulae
1466 806 1601 840 essent
1629 800 1782 852 origine
1811 813 1892 840 non
1922 805 2078 851 testata,
2111 799 2162 839 ad
2192 813 2258 839 eas

280 872 389 912 nullo
420 872 553 912 Plauti
584 873 742 912 nomine
772 872 924 911 adiecto
954 872 1076 911 verba
1104 885 1291 924 umquam
1307 872 1398 922 fuit
1425 872 1743 924 adscripsisse*).

481 942 560 984 Sed
581 945 620 983 in
643 944 716 993 his,
739 957 838 996 quae
859 958 937 982 non
954 957 1146 994 negamus
1168 944 1265 982 scite
1282 958 1370 983 esse
1391 944 1624 994 excogitata,
1642 951 1735 983 sunt
1751 950 1883 983 tamen
1900 957 2000 996 quae
2016 957 2154 997 parum
2172 957 2256 995 pro-

281 1017 471 1055 babiliter
501 1017 693 1068 disputari
723 1016 840 1054 nobis
870 1016 1091 1054 videantur.
1151 1016 1254 1054 Nam
1286 1023 1329 1055 ut
1357 1017 1558 1055 mittamus
1588 1016 1747 1055 interim
1778 1030 1880 1068 quae
1909 1015 1976 1055 ille
2006 1015 2053 1055 de
2084 1014 2258 1068 prologis

281 1088 478 1126 Plautinis
501 1088 625 1136 magis
647 1087 817 1138 sumpsit
837 1100 955 1138 quam
976 1088 1173 1138 probavit,
1202 1101 1320 1139 quam
1341 1089 1498 1126 tertiam
1519 1088 1687 1127 classem
1707 1087 1931 1127 fabularum
1953 1086 2094 1126 Plauto
2115 1087 2260 1126 iniuria

282 1159 571 1211 adscripturum
598 1172 685 1197 esse
712 1158 838 1208 iussit,
863 1172 909 1197 ea
935 1157 1132 1210 quomodo
1160 1159 1292 1198 verbis
1314 1158 1502 1198 distincta
1528 1159 1588 1209 sit,
1618 1164 1660 1197 ut
1679 1173 1702 1197 a
1727 1158 1882 1210 legente
1903 1164 2008 1197 reete
2029 1159 2257 1211 accipiatur,

281 1230 519 1281 ambigimus
540 1243 613 1268 nec
634 1230 732 1268 satis
748 1235 855 1268 certo
876 1230 1122 1281 dispicimus.
1158 1228 1284 1268 Cuius
1305 1231 1361 1268 rei
1382 1244 1541 1270 causam
1557 1230 1662 1282 quod
1677 1230 1760 1269 Leo
1781 1231 1815 1269 si
1835 1237 1940 1269 recte
1961 1230 2221 1281 intelligimus
2237 1244 2260 1269 a

281 1315 424 1352 genere
445 1301 632 1352 loquendi
656 1301 929 1340 artificiosiore
950 1300 1207 1352 repetendam
1228 1300 1351 1351 duxit,
1375 1300 1422 1339 de
1444 1301 1665 1341 elocutione
1686 1315 1757 1341 nos
1778 1314 1892 1341 secus
1913 1302 2120 1341 sentimus.
2151 1302 2259 1341 Arti-

281 1374 458 1413 ficiosam
479 1374 586 1412 enim
607 1372 711 1412 hanc
736 1386 823 1412 esse
844 1372 1062 1411 orationem
1088 1378 1157 1411 aut
1181 1372 1342 1411 insolita
1362 1372 1857 1422 collocationeverborum
1882 1373 2080 1425 insignem
2105 1378 2259 1412 tantum

281 1446 394 1485 abest
421 1453 463 1484 ut
484 1444 747 1484 concedamus
770 1450 811 1483 ut
831 1443 930 1483 nihil
951 1444 1173 1496 simplicius
1195 1458 1282 1484 esse
1302 1444 1376 1483 hac
1397 1445 1593 1484 sententia
1611 1458 1729 1497 posse
1755 1445 2009 1485 affirmemus.
2045 1445 2148 1484 Nam
2170 1459 2259 1483 cum

280 1518 377 1556 haec
404 1517 553 1555 diceret
574 1517 721 1555 Accius
747 1530 816 1555 nee
837 1516 995 1555 Gemini
1020 1517 1174 1555 lenonee
1198 1530 1266 1555 nec
1287 1516 1517 1555 Condalium
1540 1531 1610 1556 nec
1629 1518 1742 1556 Anus
1764 1531 1834 1556 nec
1853 1517 1928 1556 Bis
1955 1531 2173 1569 compressa
2191 1530 2261 1556 nec

280 1591 445 1629 Boeotia
461 1589 603 1628 Plauti
620 1603 805 1641 umquam
812 1588 913 1640 fuit,
932 1588 1130 1640 prolixam
1150 1589 1487 1629 enumerationem
1507 1587 1729 1629 fabularum
1751 1589 1792 1628 in
1807 1588 1905 1629 duas
1927 1589 2049 1629 series
2066 1588 2261 1641 disposuit

279 1676 404 1714 paene
427 1675 555 1713 pares,
579 1667 621 1700 ut
642 1675 713 1700 sua
733 1660 782 1700 ad
804 1666 1011 1714 utramque
1033 1661 1175 1700 seriem
1197 1674 1288 1713 pars
1309 1660 1538 1713 praedicati,
1562 1662 1665 1714 quod
1687 1675 1808 1700 unum
1830 1668 1891 1700 est
1911 1661 1980 1700 sed
1997 1662 2088 1700 item
2104 1663 2144 1700 in
2163 1662 2260 1700 duas

279 1732 496 1786 particulas
527 1732 795 1782 distributum,
829 1738 1042 1783 aptaretur.
1088 1731 1206 1770 Unde
1240 1732 1337 1770 haec
1367 1738 1460 1770 nata
1487 1739 1548 1771 est
1575 1733 1700 1771 oratio
1728 1747 1798 1771 nec
1829 1732 1987 1771 Gemini
2012 1735 2165 1772 lenones
2192 1747 2262 1772 nec

281 1805 515 1845 Condalium
540 1818 609 1842 nec
634 1804 746 1842 Anus
770 1804 912 1843 Plauti
935 1818 1004 1843 nec
1029 1804 1103 1843 Bie
1130 1818 1350 1856 compressa
1374 1818 1443 1843 nec
1468 1804 1635 1844 Boeotia
1658 1818 1845 1857 umquam
1862 1805 1962 1855 fuit.
2002 1804 2101 1844 Eam
2129 1812 2260 1844 autem

281 1878 471 1917 orationis
502 1877 682 1924 formam,
714 1891 790 1928 qua
812 1877 979 1916 Accium
1010 1891 1124 1915 usum
1155 1876 1350 1928 videmus,
1380 1885 1608 1916 consuetam
1639 1877 1834 1917 sermonis
1855 1876 1991 1917 Latini
2023 1883 2261 1917 structuram

282 1963 369 1989 esse
391 1949 661 2001 exemplorum
684 1948 780 1988 fides
801 1962 902 2001 quae
923 1962 1016 1987 mox
1041 1949 1257 1987 afferentur
1284 1948 1479 2000 probabit.
1516 1949 1683 1988 Interim
1709 1949 1784 1988 hoc
1810 1949 1978 1988 dicimus
2004 1950 2147 1988 mirum
2174 1963 2261 1988 esse

480 2123 510 2163 ยนโด)
535 2124 575 2155 In
593 2122 817 2156 adnotatione
835 2123 990 2164 ponimus
1007 2124 1112 2156 verba
1129 2123 1205 2165 ipsa
1220 2122 1347 2156 eruditi
1362 2123 1435 2164 viri,
1452 2134 1549 2164 quae,
1568 2124 1656 2164 quod
1674 2134 1716 2156 ne
1732 2123 1842 2165 ipsum
1860 2123 1996 2164 quidem
2013 2122 2116 2165 fugit,
2134 2123 2262 2156 habent

281 2183 411 2226 aliquid
436 2183 653 2217 difficultatis
676 2182 878 2227 intelligere
904 2183 1066 2226 cupienti,
1091 2183 1119 2217 si
1136 2182 1227 2217 forte
1252 2182 1372 2217 invitis
1396 2183 1493 2217 nobis
1510 2182 1676 2217 acciderit
1689 2187 1728 2217 ut
1746 2183 1786 2217 de
1804 2183 1879 2217 eius
1897 2183 2073 2217 sententia
2090 2193 2157 2217 non
2175 2183 2262 2216 satis

282 2249 378 2278 recte
403 2249 465 2277 aut
489 2255 557 2277 non
583 2244 671 2276 satis
695 2245 796 2285 plene
821 2244 1040 2277 referremus.
1080 2245 1205 2277 Scribit
1229 2244 1339 2286 igitur
1364 2245 1384 2277 l.
1402 2256 1428 2277 s.
1447 2256 1472 2277 c.
1498 2246 1598 2278 haec:

481 2305 521 2337 In
545 2306 605 2337 den
618 2304 770 2347 Proloyen
786 2316 825 2337 zu
839 2305 966 2337 Gemini
987 2306 1119 2345 lenones,
1140 2305 1338 2345 Condalium,
1356 2306 1444 2337 Anus
1460 2317 1528 2338 war
1543 2306 1600 2338 der
1616 2305 1746 2338 Genetiv
1769 2306 1822 2338 des
1840 2306 2098 2339 Dichternamens
2117 2305 2262 2345 Plauti,

281 2376 322 2397 zu
348 2366 506 2408 Ayroec-us
536 2366 603 2398 und
625 2364 863 2398 Commorientes
889 2365 1018 2397 Macci
1037 2366 1125 2398 Titi.
1170 2366 1215 2398 Es
1238 2366 1312 2398 sind
1336 2365 1534 2407 Kateyorien,
1560 2367 1610 2398 die
1634 2366 1749 2398 Accius
1773 2366 1872 2398 durch
1897 2366 1946 2398 die
1964 2366 2087 2398 Namen
2110 2366 2177 2398 und
2198 2366 2264 2398 ihre

284 2427 426 2468 Stelluny
451 2427 636 2466 bezeichnet,
660 2432 755 2458 etwas
769 2427 906 2468 yesucht,
933 2429 988 2458 wie
1011 2438 1082 2458 man
1107 2438 1137 2458 es
1153 2438 1211 2458 von
1228 2427 1288 2458 ihm
1307 2432 1460 2458 erwarten
1476 2438 1568 2459 mass.
1605 2427 1654 2459 Er
1670 2432 1740 2469 sayt
1755 2428 1869 2460 damit:
1892 2427 2029 2469 obyleich
2048 2427 2098 2459 die
2113 2425 2136 2458 3
2150 2425 2265 2459 Stu'eke

284 2487 507 2519 ausdriieklieh
531 2487 584 2519 des
610 2486 740 2519 Plautus
764 2487 831 2518 und
853 2486 903 2518 die
927 2487 1034 2519 beiden
1058 2487 1181 2520 andern
1205 2487 1259 2520 des
1283 2486 1415 2519 Maccus
1444 2485 1530 2519 Titus
1553 2487 1679 2526 heissen,
1705 2488 1779 2520 sind
1799 2488 1843 2520 sie
1866 2487 1945 2519 doeh
1968 2487 2017 2519 nie
2041 2497 2099 2518 von
2128 2486 2191 2518 ihm
2212 2496 2263 2529 ye-

284 2558 400 2585 wesenอพ
424 2558 548 2580 uorans
567 2546 664 2589 solyt,
689 2547 763 2580 dass
787 2558 821 2579 er
845 2547 895 2578 die
912 2546 1043 2589 Proloye
1059 2547 1121 2587 scir
1143 2548 1376 2590 unplautiniseh
1398 2547 1481 2578 hielt.
1517 2547 1723 2580 Dazwisehen
1740 2548 1842 2580 stehen
1857 2548 1934 2580 ohne
1950 2548 2037 2580 einen
2060 2558 2119 2579 von
2135 2546 2265 2579 Plautus

286 2607 406 2639 Nomen
433 2609 491 2639 Bis
507 2618 683 2650 compressa
706 2608 774 2639 und
795 2607 939 2639 Boeotia:
962 2618 1028 2638 nun
1051 2608 1158 2639 u-z'ssen
1181 2609 1249 2647 wir,
1274 2608 1348 2639 dass
1371 2608 1422 2639 die
1446 2607 1572 2640 Boeotia
1595 2609 1690 2640 einem
1714 2609 1852 2640 anderen
1876 2607 2007 2640 Dichter
2028 2607 2265 2650 zuqesehrieben

287 2669 402 2707 wurde,
433 2668 500 2700 und
528 2668 577 2700 die
601 2668 657 2700 Bis
676 2678 852 2710 compressa
875 2667 1030 2700 erscheint
1051 2668 1186 2710 niryend
1209 2668 1332 2705 wieder,
1357 2678 1388 2699 es
1411 2667 1452 2699 ist
1473 2667 1540 2699 also
1557 2668 1640 2700 nicht
1661 2667 1972 2708 unwalarscheintich,
2002 2668 2075 2700 dass
2103 2668 2148 2700 sie
2175 2672 2266 2699 unter

287 2729 346 2761 den
369 2729 576 2771 unbezeuyten
600 2739 677 2760 war.
714 2727 756 2760 So
780 2728 915 2760 scheidct
938 2738 973 2759 er
997 2728 1048 2759 die
1071 2728 1165 2759 dritte
1190 2727 1358 2770 Kateyorie
1381 2728 1439 2759 der
1462 2728 1530 2759 dem
1549 2727 1680 2760 Plautus
1697 2728 1884 2761 willkuโrliclz
1899 2728 2177 2770 zuyeselaeriebenen
2200 2727 2266 2759 und

285 2795 362 2822 setzt
385 2790 443 2822 das
466 2801 638 2833 umquam
662 2801 702 2822 zu
726 2790 841 2829 diesen,
867 2790 922 2821 wie
945 2789 1041 2822 adeo
1064 2801 1103 2820 :n
1129 2790 1287 2830 Ayroecas
1310 2789 1377 2821 und
1397 2788 1651 2827 Com1noriente35
1674 2789 1742 2822 und
1763 2800 1835 2822 man
1858 2800 1940 2822 mass
1960 2788 2113 2832 yestehen,
2137 2788 2209 2820 dass
2233 2797 2267 2819 er

287 2850 385 2884 durch
416 2851 482 2883 eine
511 2852 671 2894 unyemein
696 2850 868 2883 lcu'nstliehe
888 2849 1113 2893 VVortstelluny
1136 2849 1199 2892 sit'r
1228 2850 1288 2883 den
1313 2850 1419 2890 Leserโ
1451 2850 1507 2881 der
1536 2850 1577 2881 im
1600 2849 1871 2893 Zusammenhanq
1900 2861 1978 2891 war,
2009 2850 2059 2883 die
2088 2848 2266 2891 Scheiduny

287 2912 421 2945 deutlich
444 2912 587 2954 yemacht
609 2913 671 2944 hat.
711 2911 779 2943 Mir
801 2912 919 2944 scheint
942 2912 1007 2943 dies
1030 2911 1124 2954 vo'lliy
1147 2912 1328 2952 beweisend,
1351 2912 1418 2944 und
1433 2923 1463 2944 es
1479 2912 1580 2954 eryibt
1595 2912 1658 2944 sich
1677 2912 1796 2945 daraus
1812 2912 1928 2944 einmal
1946 2912 2018 2944 dass
2034 2911 2091 2944 der
2108 2911 2267 2953 Ayroecus

286 2974 352 3006 eeht
382 2984 450 3006 war
479 2973 535 3005 wie
564 2973 614 3005 die
643 2972 741 3004 durch
768 2972 888 3005 Terenz
913 2973 1077 3015 bezeuyten
1104 2972 1342 3005 Commorientes
1367 2999 1373 3005 .
1399 2997 1406 3005 .
1420 2984 1430 3011 ,ฮ
1459 2983 1529 3005 zum
1556 2972 1688 3012 andern,
1719 2973 1792 3005 dass
1815 2972 1951 3005 Plauti
1971 2972 2076 3004 weder
2098 2971 2268 3013 umyeetellt

286 3034 363 3066 noch
386 3038 472 3066 comt
494 3034 662 3075 corriqiert
684 3033 808 3065 werden
831 3032 925 3074 darfโฮ
950 3033 1071 3065 endlieh
1096 3034 1168 3065 dass
1191 3043 1249 3065 von
1270 3032 1384 3065 Versen
1408 3033 1475 3065 hier
1498 3033 1587 3065 keine
1610 3033 1694 3066 Rede
1716 3033 1803 3066 mehr
1825 3034 1891 3066 sein
1914 3033 2008 3065 kann.
