2545 3397
1251 77 1276 115 5

603 168 795 239 Umquam
812 185 923 236 fuit,
953 198 1076 238 neque
1102 186 1197 225 ddeo
1223 184 1423 237 Ayroecue
1446 188 1569 237 neque
1594 183 1889 225 Commorientes

604 258 736 298 Ma'cci
764 256 855 296 Titi.

273 329 326 368 Et
353 329 467 380 haec,
504 336 546 369 ut
574 337 667 370 sunt
695 330 891 380 sagaciter
924 335 1165 380 commenta,
1201 344 1279 368 non
1314 343 1461 382 paucos
1495 336 1613 368 nacta
1642 336 1733 368 sunt
1761 342 1989 381 sponsores,
2026 328 2064 366 in
2101 328 2244 380 quibus

272 400 480 441 Hertzium
506 408 545 441 et
564 401 880 440 Fleckeisenum.
923 401 1166 441 Ritschelius
1188 415 1279 440 vero
1307 416 1330 440 a
1349 400 1596 440 Lachmanni
1625 401 1822 440 sententia
1848 414 1965 453 quam
1991 399 2068 439 sibi
2090 413 2245 451 quoque

273 473 454 524 primitus
485 473 690 525 probatam
721 471 844 511 fuisse
875 472 976 511 dixit
1000 473 1191 525 paulatim
1213 472 1384 523 deflexit,
1415 473 1482 525 qui
1503 472 1733 523 fragmentis
1759 472 1957 510 Plautinis
1985 471 2165 509 tractatis
2193 470 2244 509 ad

271 544 373 583 hanc
401 558 560 583 oausam
587 557 769 582 reversus
798 543 855 594 (in
883 543 984 596 Opp.
1013 545 1089 583 vol.
1110 556 1156 583 111
1184 558 1220 596 p.
1246 542 1340 593 182)
1369 551 1408 582 et
1428 544 1571 596 quibus
1594 544 1853 582 incommodis
1880 543 1958 581 ista
1984 542 2243 581 conformatio

271 616 469 654 laboraret
490 615 698 666 perspicue
721 615 909 666 explicuit
931 624 970 654 et
994 616 1205 667 pristinam
1228 630 1337 654 suam
1359 616 1586 667 opinionem
1608 615 1775 667 repetiit,
1794 630 1871 666 qua
1887 614 2058 654 credidit
2076 613 2243 653 trochai—

271 700 361 727 cum
395 700 614 737 numerum,
650 699 730 726 non
760 700 875 740 quem
904 687 971 727 ille
1000 686 1125 728 suasit
1155 684 1370 727 Sotadeum
1396 685 1691 739 agnoscendum
1719 700 1818 737 esse,
1845 686 1922 726 nisi
1951 684 2057 739 quod
2083 685 2242 724 tertium

272 772 321 797 ex
346 758 396 797 iis
425 771 583 797 versum
604 758 721 810 paulo
742 758 857 796 aliter
876 772 979 797 nunc
1005 772 1124 811 quam
1152 765 1269 797 antea
1294 759 1548 798 scribendum
1575 772 1662 798 esse
1684 760 1863 797 coniecit.
1909 760 2043 809 Atque
2063 759 2136 796 hos
2163 765 2242 796 tres

272 836 523 868 tetrametros
544 830 594 868 ab
615 829 846 868 Hermanno
867 830 1166 882 Ritschelioque
1187 831 1423 869 constitutos

598 900 781 953 Namque
806 916 873 941 nec
900 900 1078 942 Geminei
1100 902 1253 941 lenones
1277 917 1345 942 nec
1363 901 1615 950 Condalium,
1643 916 1721 941 non
1747 902 1858 941 Anus

597 972 749 1022 Plauti,
779 987 848 1012 nec
872 973 944 1013 Bis
970 987 1191 1027 compressa
1218 981 1286 1013 aut
1311 973 1477 1013 Boeotia
1502 974 1600 1012 eius
1625 987 1809 1026 umquam
1823 973 1925 1024 fuit,

599 1043 734 1095 Neque
758 1046 957 1096 Ayroecus
981 1059 1105 1097 neque
1130 1045 1426 1085 Commorientes
1451 1046 1562 1084 adeo
1582 1045 1686 1095 fuit
1715 1046 1845 1083 Macci
1874 1044 1956 1083 Titi

270 1116 336 1167 qui
366 1115 576 1153 contulerit
603 1130 693 1154 eum
724 1116 971 1155 Lachmanni
1001 1115 1203 1167 Sotadeis,
1233 1117 1366 1166 facile,
1397 1118 1622 1168 opinamur,
1653 1116 1865 1167 intelliget,
1896 1116 2021 1155 multo
2050 1115 2122 1154 hos
2153 1129 2240 1154 esse

269 1201 386 1239 quam
401 1187 491 1226 illos
508 1187 806 1239 probabiliores.
837 1189 895 1228 At
910 1189 1007 1228 certi
1022 1195 1156 1228 tamen
1173 1189 1213 1227 in
1230 1189 1280 1228 iis
1297 1188 1397 1227 nihil
1413 1196 1474 1228 est
1489 1188 1566 1228 nisi
1587 1203 1610 1227 a
1630 1187 1848 1227 Ritschelio
1869 1187 2075 1227 inventum
2096 1201 2240 1226 nomen

267 1259 400 1298 Macci
429 1258 522 1309 Titi,
550 1259 653 1312 quod
680 1261 719 1299 in
747 1267 910 1313 utroque
934 1275 1078 1312 genere
1105 1267 1319 1301 metrorum
1345 1275 1457 1301 suam
1483 1260 1618 1300 sedem
1644 1260 1827 1300 obtinuit.
1866 1259 2016 1299 Verum
2043 1261 2125 1299 eius
2151 1264 2241 1311 post

267 1330 433 1371 Boeotia
465 1331 544 1371 iam
579 1332 628 1371 ab
664 1331 893 1372 Hermanno
934 1332 982 1372 de
1017 1333 1245 1373 coniectura
1283 1332 1524 1372 inculcatum
1559 1339 1598 1371 et
1632 1347 1655 1371 a
1688 1332 1852 1385 reliquis
1886 1338 2085 1371 servatum
2120 1344 2238 1384 quam

266 1402 509 1442 Ritschelius
531 1404 694 1456 putabat
714 1404 833 1443 fidem
853 1404 999 1444 habere
1020 1419 1043 1443 a
1063 1405 1312 1458 quorundam
1332 1405 1515 1443 codicum
1535 1405 1695 1443 infimae
1712 1405 1830 1443 sortis
1848 1404 2023 1453 (Parerg.
2045 1417 2082 1454 p.
2104 1406 2152 1442 13
2169 1402 2237 1452 n.),

266 1489 353 1513 eam
373 1475 523 1514 nullam
555 1490 640 1515 esse
662 1476 816 1515 Hertzii
846 1477 1050 1516 adnotatio
1080 1477 1130 1516 ad
1151 1476 1325 1516 Gellium
1356 1477 1493 1525 evicit;
1525 1490 1653 1529 neque
1683 1477 1759 1515 hoc
1788 1489 1916 1528 neque
1934 1476 2024 1526 suit
2051 1475 2090 1514 in
2114 1475 2239 1514 altera

264 1552 376 1598 parte
396 1546 593 1586 adiectum
623 1554 691 1586 aut
719 1549 814 1587 adeo
845 1562 915 1587 suo
936 1548 1024 1587 loco
1045 1554 1196 1588 motum
1216 1549 1384 1587 multum
1414 1548 1464 1587 ad
1486 1549 1676 1587 orationis
1706 1548 1873 1586 formam
1905 1554 1972 1585 aut
1998 1547 2237 1598 elegantiam

263 1618 405 1670 facere,
438 1619 674 1671 quicumque
704 1634 783 1659 non
813 1627 1006 1672 occupata
1040 1627 1172 1660 mente
1201 1621 1323 1660 verba
1357 1621 1445 1672 ipsa
1473 1620 1731 1670 examinabit,
1768 1618 1871 1658 haud
1909 1618 2123 1658 difficulter
2151 1633 2235 1671 per·

265 1691 420 1730 sentiet.
459 1688 616 1738 Quibus
647 1692 805 1731 omissis
836 1698 999 1744 apparet
1029 1692 1077 1731 de
1107 1692 1289 1732 versibus
1319 1698 1471 1731 tantum
1503 1706 1581 1731 non
1612 1698 1743 1730 actum
1774 1705 1872 1730 esse.

460 1762 644 1815 Denique
664 1763 930 1803 Buechelerus
955 1778 979 1803 a
998 1761 1180 1803 Sotadeis
1200 1764 1462 1803 Varronianis
1483 1763 1682 1815 profectus
1703 1777 1792 1802 cum
1822 1763 1863 1801 in
1884 1776 2019 1802 eorum
2050 1776 2235 1802 versuum

263 1834 536 1874 condicionem
558 1841 596 1875 et
616 1849 729 1875 usum
751 1835 878 1875 denuo
900 1835 1034 1875 dedita
1053 1849 1173 1888 opera
1188 1836 1416 1888 inquireret,
1440 1841 1479 1875 et
1494 1849 1593 1888 quos
1609 1835 1891 1874 Lachmannus
1908 1835 2022 1874 Accii
2041 1832 2235 1874 Sotadeos

262 1920 350 1946 esse
377 1908 500 1946 voluit
527 1908 657 1947 nullos
684 1922 770 1947 esse
791 1909 997 1958 intellexit,
1022 1917 1061 1947 et
1085 1909 1273 1961 reliquias
1303 1919 1614 1949 DiDASCALICON
1641 1908 1786 1947 habere
1812 1908 1901 1947 illas
1928 1907 2089 1959 quidem
2116 1908 2235 1946 etiam

262 1979 479 2019 versiculos
507 1994 628 2019 unum
657 1987 696 2020 et
724 1980 904 2030 alterum,
937 1980 1006 2020 sed
1032 1980 1134 2020 alius
1161 1980 1331 2031 generis,
1363 1994 1442 2019 non
1470 1979 1634 2030 ionicos,
1666 1980 1853 2032 pleraque
1885 1987 2016 2018 autem
2051 1993 2074 2018 a
2107 1979 2234 2018 doctis

262 2050 489 2092 hominibus
511 2052 637 2091 invita
656 2053 697 2091 in
725 2066 910 2092 versuum
930 2066 1157 2092 mensuram
1184 2060 1320 2092 coacta
1347 2051 1571 2104 pedestrem
1598 2066 1692 2104 prae
1719 2066 1761 2091 se
1782 2051 1883 2091 ferre
1911 2065 2134 2091 sermonem
2156 2052 2233 2091 sibi

259 2123 472 2172 persuasit:
505 2123 637 2175 itaque
657 2124 827 2162 Accium
854 2124 992 2162 statuit
1011 2123 1087 2162 hoc
1107 2137 1205 2175 opus
1226 2124 1462 2163 litterarium
1485 2124 1668 2162 universe
1688 2137 1911 2162 sermonem
1934 2137 2020 2162 esse
2047 2124 2231 2173 voluisse,

259 2206 337 2231 non
361 2206 530 2242 carmen,
554 2194 747 2234 immixtis
772 2202 903 2234 tamen
921 2195 985 2234 hic
1000 2195 1083 2234 illic
1099 2195 1291 2246 versibus,
1309 2195 1451 2235 alienis
1468 2201 1535 2234 aut
1550 2195 1643 2245 suis,
1663 2202 1705 2234 ut
1720 2195 1769 2234 ad
1787 2202 1943 2234 saturae
1959 2194 2232 2234 Varronianae

258 2271 440 2303 naturam
460 2265 622 2316 propius
643 2265 831 2306 accedere
852 2266 1061 2306 videretur.
1100 2265 1213 2307 Haec
1233 2266 1300 2306 ille
1322 2267 1505 2318 breviter,
1529 2273 1572 2307 ut
1591 2266 1702 2318 solet,
1726 2266 1794 2306 sed
1817 2266 1967 2319 liquido
1989 2267 2171 2318 exposuit
2191 2267 2230 2304 in

257 2350 357 2376 mus.
401 2336 527 2375 Rhen.
550 2337 627 2376 vol.
649 2337 702 2377 35
723 2336 866 2388 (1880)
887 2352 924 2391 p.
946 2339 1039 2378 401.
1084 2339 1200 2378 Accii
1222 2340 1353 2390 verba,
1377 2353 1478 2392 qnae
1499 2353 1571 2379 nos
1593 2338 1852 2391 disceptanda
1871 2338 2122 2390 sumpsimus,
2151 2352 2229 2376 non

257 2409 398 2460 attigit,
426 2422 504 2447 non
531 2409 635 2461 quod
662 2417 834 2461 negaret,
863 2411 1083 2464 opinamur,
1112 2425 1159 2450 ea
1183 2418 1289 2451 recte
1310 2411 1360 2451 ad
1389 2423 1700 2452 DIDASCALICON
1731 2425 1828 2463 opus
1858 2410 2005 2460 referri,
2038 2410 2106 2449 sed
2137 2410 2229 2461 quia

256 2481 384 2520 noluit
408 2481 485 2520 nisi
507 2480 554 2520 de
574 2481 624 2520 iis
645 2495 761 2533 agere
782 2496 883 2535 quae
909 2483 958 2522 ad
980 2498 1047 2523 eos
1073 2484 1196 2524 libros
1222 2484 1420 2537 pertinere
1446 2484 1672 2524 testimonio
1699 2489 1909 2533 constaret,
1937 2482 2005 2521 sed
2033 2496 2080 2521 ea
2109 2482 2229 2521 verba

257 2567 346 2592 eum
366 2559 490 2591 metro
511 2552 665 2592 inclusa
685 2553 872 2593 maluisse
893 2568 1013 2606 quam
1028 2555 1228 2607 pedestria
1248 2555 1394 2593 habere
1416 2555 1603 2593 credibile
1630 2569 1709 2592 non
1736 2560 1806 2592 est.
1853 2550 1929 2592 Cui
1955 2554 2133 2605 opinioni
2153 2567 2227 2592 nos

255 2625 389 2663 favere
418 2637 504 2662 cum
538 2638 655 2675 supra
685 2624 764 2661 iam
794 2625 1060 2674 significatum
1091 2626 1155 2675 sit,
1186 2632 1268 2664 tum
1299 2626 1349 2663 ad
1380 2640 1467 2663 eam
1497 2625 1785 2664 defendendam
1813 2624 1981 2663 fortasse
2012 2624 2228 2675 disputatio

255 2704 391 2735 nostra
411 2694 593 2734 nonnihil
613 2694 798 2735 conferet.

452 2765 507 2806 Ut
529 2766 801 2805 Hermannum
827 2765 1081 2816 Ritschelius,
1104 2767 1161 2805 ita
1185 2766 1471 2805 Buechelerum
1496 2767 1652 2818 excepit
1674 2767 1768 2816 Leo,
1795 2767 1862 2818 qui
1886 2767 1927 2805 in
1951 2767 2032 2806 illis
2057 2768 2228 2819 egregiis

255 2838 567 2888 Quaestionibus
596 2837 792 2878 Plautinis
818 2837 872 2889 (p.
895 2836 964 2886 32)
991 2837 1066 2876 hoo
1090 2838 1362 2876 testimonium
1388 2838 1503 2877 Accii
1531 2838 1579 2876 de
1599 2838 1730 2877 Plauti
1757 2838 1902 2878 fabulis
1930 2839 1970 2877 in
1998 2845 2228 2878 transcursu

253 2911 379 2962 magis
396 2925 513 2964 quam
533 2915 618 2950 tota
637 2923 757 2950 causa
776 2910 955 2962 exposita
975 2910 1161 2948 tractavit
1179 2910 1235 2948 ita
1257 2916 1298 2948 ut
1317 2916 1356 2949 et
1370 2908 1580 2949 Ritschelii
1598 2924 1736 2949 versus
1758 2910 1955 2949 obtinenti
1976 2911 2136 2950 obviam
2154 2911 2228 2950 iret

252 2990 290 3020 et
300 2982 534 3022 Buecheleri
553 2982 773 3022 rationibus
791 2982 965 3034 probatis
981 2981 1084 3021 hanc
1099 2980 1324 3033 pedestrem
1339 2995 1427 3021 esse
1443 2982 1664 3021 orationem
1681 2982 1944 3032 confirmaret,
1963 2982 2031 3023 sed
2054 2983 2227 3022 maxime

1918 3058 1936 3089 1
1946 3057 1962 3076 a
