2545 3397
1235 67 1255 78 ,-

1242 82 1251 106 ⁴

263 176 460 216 neminem
481 178 667 228 omnium,
696 177 764 229 qui
790 176 851 215 his
872 176 1006 216 verbis
1032 176 1281 217 stabiliendis
1308 190 1467 229 operam
1493 184 1698 227 navarunt,
1726 190 1851 228 genus
1883 183 2101 216 structurae
2127 184 2232 216 recte

263 248 505 298 aestimasse,
533 255 688 301 praeter
713 262 834 287 unum
859 247 1025 287 fortasse
1044 248 1303 299 Madvigium,
1326 248 1395 300 qui
1415 256 1520 287 certe
1540 249 1732 287 abstinuit
1751 249 1887 300 inepta
1913 249 2231 299 interpunctione

263 333 341 372 qua
360 321 480 360 ceteri
506 322 579 371 usi,
602 334 691 359 cum
712 325 802 372 post
824 320 964 358 Plauti
987 307 1295 372 distinguerentJ
1313 320 1504 359 orationis
1529 319 1695 359 formam
1716 334 1835 372 quam
1855 334 1935 359 non
1956 320 2233 370 intelligebant

263 393 364 433 ultro
390 400 658 446 corruperunt.
700 391 873 432 Gravius
900 392 1017 431 etiam
1044 399 1250 445 peccatum
1276 399 1337 432 est
1360 392 1411 432 ab
1436 392 1498 442 iis,
1526 392 1593 444 qui
1617 394 1698 431 eius
1718 406 1936 444 pronomen
1957 399 2047 445 post
2068 392 2232 432 Boeotia

262 465 375 504 metri
396 465 547 504 scilicet
568 477 688 503 causa
706 463 967 511 inseruerunt,
990 463 1095 515 quod
1117 469 1158 502 ut
1177 464 1328 503 nullum
1348 463 1590 516 praesidium
1617 464 1762 503 habere
1789 478 1812 502 a
1840 464 2020 502 codicum
2042 466 2232 503 memoria

262 550 381 588 supra
396 536 579 585 diximus,
603 535 658 574 ita
679 534 752 574 nisi
775 547 864 574 cum
886 535 1033 586 insigni
1051 534 1285 575 detrimento
1307 535 1499 574 orationis
1520 541 1701 574 constare
1721 549 1800 574 non
1816 536 1956 588 potuit.
1988 535 2230 575 Ritschelius

261 613 404 659 autem,
440 621 517 660 quo
542 607 682 646 fortius
697 603 867 657 'negaret
891 606 1001 645 illam
1026 606 1248 658 pedestrem
1274 620 1362 646 esse
1388 607 1619 657 orationem,
1648 620 1734 645 cum
1762 607 1836 645 hoc
1861 607 2044 659 exemplo
2071 608 2230 646 ludibrii

261 694 379 720 causa
399 695 422 719 a
442 694 484 719 se
504 680 599 718 ficto
620 685 794 717 uteretur
813 677 990 728 (Parerg.
1007 692 1044 729 p.
1062 679 1115 718 86
1135 677 1204 728 n.),
1230 693 1299 718 nec
1322 680 1355 717 T
1352 680 1430 717 itus
1448 692 1517 717 nec
1534 677 1789 731 Sempronius
1806 680 2009 728 Varronis,
2030 694 2098 718 nec
2113 679 2231 719 Caius

259 768 329 792 nec
347 752 515 792 Publius
535 753 631 791 eiua
652 751 868 803 discipulus
888 764 1073 803 umquam
1084 750 1184 802 fuit,
1204 765 1271 790 nec
1290 752 1386 791 adeo
1408 749 1519 790 Titus
1544 765 1612 790 nec
1631 750 1758 790 Aulus
1771 751 1877 802 fuit
1901 751 2070 791 Terentii
2087 752 2229 803 Αἶαν-σί,

261 825 394 877 qualia
418 824 603 863 nimirum
630 823 708 862 nisi
733 829 872 875 poetae
897 836 978 862 non
1004 822 1323 874 concederentur,
1347 837 1396 863 ne
1418 823 1595 863 dicamus
1622 837 1785 876 pravam
1811 824 2171 876 interpunctionem
2193 832 2232 864 et

259 896 359 935 falso
379 896 577 935 adiectum
594 896 687 945 eius,
710 901 814 932 certe
832 900 873 932 ut
892 895 967 933 rite
983 895 1315 946 comparationem
1332 896 1461 945 iniret,
1479 895 1608 934 simile
1625 908 1739 933 suum
1754 896 1810 934 ita
1825 896 2031 934 instituere
2048 896 2229 946 debebat,

258 982 327 1007 nee
350 967 462 1007 'Titus
481 981 549 1006 nec
570 966 829 1019 Sempronius
844 966 1033 1005 Varronis
1053 967 1268 1018 dieeipulue
1287 981 1357 1005 nec
1377 966 1494 1006 Caius
1513 980 1583 1005 nec
1603 967 1770 1006 Publius
1790 982 1975 1019 umquam
1993 968 2083 1018 fuit
2109 967 2170 1018 (ut
2190 970 2230 1008 in

259 1041 334 1079 hac
362 1046 473 1092 parte
503 1052 608 1078 nunc
637 1035 930 1088 subsistamus).
976 1036 1107 1086 Quam
1137 1038 1490 1078 conformationem
1520 1039 1608 1091 quis
1639 1040 1705 1090 qui
1736 1039 1924 1090 intelligit
1952 1054 2032 1078 non
2064 1040 2173 1079 videt
2192 1048 2231 1080 et

259 1111 482 1163 pedestrem
503 1124 589 1149 esse
614 1123 752 1148 revera
773 1123 845 1148 nec
866 1109 945 1148 ullo
966 1109 1083 1148 modo
1104 1110 1402 1161 vituperabilem
1430 1116 1499 1149 aut
1522 1116 1727 1162 poetarum
1748 1111 1909 1149 licentia
1935 1110 2227 1161 vindicandam,

260 1196 483 1235 comparem
503 1187 635 1221 autem
656 1188 695 1220 et
714 1181 1020 1233 comparabilem
1043 1181 1100 1221 sic
1120 1180 1276 1220 demum
1295 1182 1498 1221 Accianae
1519 1181 1577 1220 illi
1599 1195 1714 1234 quam
1744 1182 1835 1221 libri
1861 1182 2021 1221 tradunt
2047 1183 2228 1234 existere,

259 1268 359 1305 quae
388 1262 473 1292 tum
500 1252 773 1304 vituperabilis
801 1266 888 1291 esse
913 1253 1045 1304 coepit
1076 1266 1164 1290 cum
1190 1259 1349 1303 propter
1374 1266 1601 1291 mensuram
1624 1267 1650 1291 a
1676 1267 1748 1291 sua
1773 1254 1975 1303 primitiva
2001 1254 2129 1293 forma
2156 1256 2229 1293 cri-

258 1325 425 1364 ticorum
454 1324 618 1363 arbitrio
645 1323 846 1362 demutata
876 1329 948 1362 est.
991 1322 1107 1362 Unde
1137 1323 1372 1374 intelligitur
1402 1337 1520 1375 quam
1550 1323 1740 1362 credibile
1771 1324 1823 1362 sit
1851 1324 1958 1375 quod
1985 1324 2229 1364 Ritschelius

258 1396 428 1435 maxime
449 1395 569 1434 etiam
589 1402 707 1448 atque
727 1395 846 1434 etiam
867 1395 1110 1434 asseveravit
1126 1395 1292 1433 Accium
1312 1394 1430 1433 istam
1451 1395 1690 1434 sententiam
1710 1409 1790 1434 non
1811 1408 1928 1447 posse
1949 1396 2024 1435 nisi
2049 1398 2228 1437 versibus

258 1468 518 1521 expressisse3
539 1481 656 1519 quem
679 1467 805 1506 virum
826 1473 984 1506 acutum
1000 1466 1144 1506 mirum
1160 1473 1220 1506 est
1235 1466 1408 1518 profecto
1425 1480 1503 1506 non
1519 1466 1670 1506 vidisse
1686 1467 1906 1506 orationem
1923 1481 2039 1519 quam
2058 1470 2229 1521 exempli

258 1554 377 1579 causa
402 1541 519 1579 finxit
544 1554 617 1578 nec
643 1539 867 1591 pedestrem
893 1553 980 1578 esse
1001 1553 1129 1590 neque
1149 1553 1242 1578 vero
1263 1539 1456 1590 poeticam
1477 1538 1545 1577 sed
1567 1539 1702 1578 nescio
1724 1552 1803 1590 qua
1822 1539 2022 1591 imperitia
2042 1541 2229 1593 loquendi

256 1619 514 1664 procreatam.

454 1681 534 1723 Sed
560 1697 637 1737 quo
663 1683 789 1734 magis
814 1683 976 1735 patefiat
1000 1682 1189 1722 orationis
1215 1681 1566 1722 conformationem
1592 1695 1670 1734 qua
1689 1683 1858 1722 Accium
1879 1697 1994 1722 usum
2019 1697 2107 1723 esse
2128 1685 2228 1724 dixi·

256 1769 344 1794 mus
364 1755 600 1794 familiarem
625 1755 748 1794 fuisse
775 1755 1033 1806 scriptoribus
1054 1753 1244 1792 Romanis
1272 1754 1453 1804 exempla
1479 1754 1691 1803 afferimus,
1720 1755 1868 1792 selecta
1893 1769 1942 1792 ex
1963 1756 2085 1793 multo
2108 1756 2225 1807 pluri-

256 1828 330 1867 bus
359 1841 460 1880 quae
490 1827 621 1866 afferri
651 1827 851 1879 potuerint
880 1826 950 1866 sed
980 1839 1080 1878 quae
1117 1826 1214 1865 satis
1249 1832 1364 1864 erunt
1392 1825 1441 1864 ad
1471 1824 1592 1864 fidem
1625 1825 1861 1865 faciendam.
1913 1826 2051 1879 Itaque
2084 1825 2225 1867 Cicero

257 1900 394 1940 scribit
424 1900 465 1939 in
496 1899 717 1939 Antonium
746 1911 774 1939 v
797 1899 859 1948 18,
880 1898 934 1938 49

640 1971 726 2021 filii
752 1972 823 2023 qui
850 1984 936 2009 cum
965 1969 1142 2009 omnibus
1171 1977 1236 2008 eet
1264 1977 1343 2008 tum
1372 1970 1517 2022 optimo
1547 1971 1685 2022 cuique
1714 1971 1987 2009 carissimus

517 2042 620 2082 Ibid.
637 2055 682 2083 IX
705 2044 738 2092 1,
759 2044 779 2081 1
810 2056 879 2082 nec
899 2042 1031 2081 dubito
1052 2043 1149 2094 quin
1167 2042 1314 2081 reditus
1334 2042 1415 2080 eius
1434 2049 1468 2080 et
1487 2041 1595 2080 vobis
1607 2049 1744 2094 yratus
1752 2042 1787 2092 f
1790 2044 1912 2081 uerit
1927 2050 1962 2081 et
1975 2044 2035 2081 rei
2046 2043 2226 2095 publicae

649 2115 835 2154 salutaris
849 2114 1048 2165 futurus

517 2186 620 2227 Ibid.
638 2199 669 2228 11
689 2187 753 2239 21,
775 2186 826 2227 51
859 2200 945 2226 cum
958 2185 1007 2225 ab
1023 2185 1094 2225 hoc
1115 2186 1251 2225 ordine
1270 2199 1337 2238 eqo
1358 2192 1605 2225 conservator
1624 2199 1761 2224 essem
1780 2193 1821 2225 tu
1841 2185 1961 2226 hostie
1974 2186 2225 2239 reipublicae

649 2261 903 2299 iudicatus.

255 2330 549 2382 Agnosciturne
578 2330 728 2383 aliquid
759 2330 1033 2370 similitudinis
1063 2343 1153 2369 cum
1181 2330 1260 2369 ista
1288 2329 1466 2369 oratione
1492 2329 1608 2368 Accii
1636 2343 1705 2368 nec
1730 2328 1962 2369 Condalium
1990 2330 2129 2369 Plauti
2156 2343 2223 2368 nec

254 2402 421 2442 Boeotia
444 2415 630 2455 umquam
647 2402 761 2454 fuit?
802 2404 868 2443 An
895 2415 1008 2441 secus
1036 2408 1220 2455 putamus
1246 2401 1288 2440 in
1314 2401 1376 2440 his
1397 2401 1591 2454 exemplis
1607 2401 1832 2453 ,praedicati
1862 2401 2051 2440 unitatem
2073 2401 2219 2453 disper-

255 2473 365 2513 titam
388 2487 457 2525 per
477 2480 608 2525 partes
629 2474 808 2526 partibus
830 2474 1019 2513 orationis
1040 2473 1357 2513 accommodari?
1401 2473 1599 2512 Addimus
1625 2473 1713 2511 alia.
1759 2473 1805 2511 In
1827 2473 2046 2511 Antonium
2072 2484 2115 2512 VI
2136 2474 2172 2523 3,
2198 2475 2218 2512 7

647 2559 717 2583 nec
735 2560 825 2584 vero
847 2547 893 2584 de
916 2546 984 2584 illo
1010 2547 1110 2584 sicut
1129 2546 1176 2584 de
1195 2546 1347 2584 homine
1366 2545 1500 2596 aliquo
1526 2545 1554 2583 d
1559 2545 1674 2583 ehem
1683 2558 1732 2582 us
1757 2546 1824 2582 sed
1843 2552 1885 2582 ut
1904 2546 1951 2583 de
1969 2546 2221 2596 importunis-

647 2618 747 2655 sima
767 2617 879 2655 belua
899 2618 1107 2668 coqicare

515 2686 617 2726 Ibid.
639 2698 684 2727 VI
704 2687 741 2737 4,
763 2688 789 2727 9
818 2687 935 2726 malet
952 2700 1011 2726 me
1029 2688 1242 2739 eapientem
1261 2701 1287 2725 a
1306 2686 1433 2725 vobis
1454 2699 1572 2738 quam
1590 2699 1630 2724 ee
1647 2686 1860 2724 modestum
1879 2687 2151 2726 existimari

516 2758 619 2797 Ibid.
639 2770 700 2799 VII
720 2759 756 2809 8,
779 2759 829 2798 21
862 2772 938 2812 quo
958 2772 1023 2798 ore
1042 2772 1108 2797 vos
1127 2759 1193 2797 ille
1215 2759 1392 2810 poterit
1416 2757 1556 2810 quibus
1575 2758 1745 2796 vicissim
1770 2772 1837 2796 υοε
1861 2758 1973 2796 illum
2000 2759 2123 2798 oculis
2147 2761 2221 2797 in-

648 2832 770 2870 tueri

515 2902 618 2942 Ibid.
638 2915 682 2942 lx
710 2904 745 2954 1,
769 2905 793 2944 3
823 2917 891 2957 eqo
918 2905 974 2943 sic
996 2905 1232 2955 interpretor
1259 2903 1421 2942 semisse
1448 2904 1615 2942 maiores
1644 2911 1796 2944 nostroe
1825 2911 1869 2943 ut
1897 2919 2055 2944 caueam
2085 2906 2221 2944 mortis

648 2978 912 3016 censuerint
928 2989 1007 3015 non
1023 2989 1145 3029 qenue
1165 2988 1259 3015 ecee
1279 2976 1590 3029 quaerendum
