2545 3397
678 754 781 811 VN
782 753 1255 812 IVERSITATIS
1302 753 1831 811 LITTERARIAE

879 909 1247 957 FRIDERICAE
1289 910 1646 958 GVILELMAE

534 1060 1058 1141 RECTOR
1132 1062 1291 1141 ET
1367 1061 1988 1142 SENATVS.

276 1266 419 1361 Non
448 1321 604 1361 libellos
632 1328 787 1361 tantum
808 1337 880 1362 sua
899 1322 980 1362 fata
999 1321 1145 1362 habere
1167 1322 1237 1362 sed
1257 1329 1296 1362 et
1316 1323 1534 1363 sententias
1555 1329 1595 1362 et
1615 1322 1736 1362 verba
1756 1322 1845 1374 quis
1866 1320 1941 1361 hoc
1961 1321 2114 1362 nescit?
2144 1321 2249 1362 Nota

276 1398 368 1432 sunt
397 1405 497 1445 quae
527 1393 674 1433 Accius
710 1399 827 1446 poeta
862 1393 1036 1446 tragicus
1073 1393 1121 1433 de
1156 1393 1372 1433 comoediis
1407 1393 1604 1433 Plautinis
1642 1394 1802 1446 scripsit
1838 1407 1861 1432 a
1890 1392 2020 1433 Gellio
2057 1394 2097 1432 in
2133 1393 2247 1432 tertio

274 1464 461 1503 Noctium
490 1466 715 1504 Atticarum
745 1479 778 1504 c.
801 1466 825 1504 3
856 1465 990 1504 relata.
1037 1464 1162 1505 Cuius
1197 1466 1320 1504 verba
1349 1479 1450 1517 quae
1480 1465 1574 1504 olim
1611 1466 1717 1504 varie
1753 1465 1968 1516 depravata
2002 1465 2248 1504 circumfere-

274 1536 419 1575 bantur
439 1542 638 1587 postremo
654 1536 842 1576 Hertzius
865 1536 914 1575 ad
931 1537 1121 1576 librorum
1139 1538 1367 1577 memoriam
1387 1537 1585 1576 exacta-in
1604 1536 1708 1575 hunc
1726 1536 1884 1576 modum
1905 1535 2058 1576 edenda
2082 1537 2246 1576 curavit.

601 1608 657 1647 M.
686 1615 813 1648 tamen
837 1604 966 1649 Varro
993 1609 1036 1648 in
1062 1608 1161 1649 libro
1188 1609 1235 1648 de
1259 1610 1466 1649 comoediis
1492 1608 1694 1648 Plautinis
1714 1609 1848 1662 primo
1874 1608 1990 1648 Accii
2013 1607 2130 1648 verba
2156 1607 2249 1648 haec

595 1681 727 1732 ponit:
759 1678 865 1718 ‘nam
884 1694 954 1719 nec
976 1679 1134 1719 Gemini
1160 1681 1313 1720 lenones
1338 1695 1407 1720 nec
1428 1681 1660 1720 Condalium
1688 1695 1756 1719 nec
1777 1681 1890 1719 Anus
1909 1681 2059 1730 Plauti,
2088 1694 2156 1719 nec
2175 1680 2249 1719 Bis

600 1764 820 1803 compressu
847 1765 917 1790 nec
946 1752 1111 1790 Boeotia
1139 1766 1325 1804 umquam
1341 1752 1442 1803 fuit,
1479 1766 1602 1804 neque
1630 1752 1726 1791 adeo
1757 1753 1956 1804 Aqroecue
1983 1765 2107 1804 neque
2134 1751 2247 1791 Com-

599 1824 800 1861 morientes
830 1823 964 1861 Macci
995 1820 1101 1861 Titi.³

272 1893 388 1933 Accii
409 1894 531 1933 verba
550 1908 573 1932 a
594 1893 724 1933 Gellio
753 1902 794 1933 ut
814 1894 952 1933 scribit
977 1909 1055 1933 non
1082 1908 1130 1933 ex
1151 1895 1277 1946 ipsius
1298 1895 1431 1946 aliquo
1458 1895 1560 1933 libro
1582 1895 1652 1933 sed
1674 1908 1721 1933 ex
1746 1894 1936 1934 Varronis
1958 1895 2006 1934 de
2027 1895 2244 1935 comoediis

273 1964 467 2004 Plautinis
494 1972 680 2017 excerpta
704 1965 921 2004 identidem
948 1980 971 2004 a
999 1965 1127 2004 doctis
1153 1965 1381 2004 hominibus
1409 1972 1579 2004 tractata
1604 1973 1643 2004 et
1667 1972 1881 2004 retractata
1905 1972 2008 2017 sunt,
2031 1966 2102 2005 sed
2122 1981 2170 2005 ea.
2195 1981 2243 2005 ne

271 2051 377 2076 nunc
406 2037 565 2089 quidem
595 2038 650 2076 ita
679 2048 770 2077 sunt
798 2038 1019 2089 profligata,
1052 2045 1093 2076 ut
1121 2038 1200 2076 iam
1230 2037 1329 2076 nihil
1358 2039 1410 2077 sit
1439 2038 1543 2089 quod
1575 2038 1722 2076 utiliter
1747 2038 1931 2077 adnotari
1951 2038 2088 2089 possit,
2121 2040 2241 2078 immo

272 2109 461 2147 orationis
491 2109 670 2157 formam,
703 2123 779 2160 qua
804 2115 910 2147 recte
936 2116 1099 2159 accepta
1123 2109 1376 2148 continentur
1401 2109 1544 2158 omnia,
1578 2109 1757 2147 videmur
1782 2109 1910 2158 nobis,
1940 2110 1975 2148 si
2001 2123 2081 2148 non
2102 2117 2238 2159 totam,

270 2180 405 2231 aliqua
425 2188 529 2219 certe
556 2194 605 2219 ex
626 2187 736 2232 parte
756 2180 897 2219 melius
919 2194 1037 2232 quam
1058 2180 1186 2219 adhuc
1204 2180 1351 2219 factum
1371 2187 1432 2219 est
1451 2180 1651 2219 declarare
1672 2193 1719 2219 ae
1739 2180 1858 2219 tutari
1879 2194 2007 2232 posse.
2051 2180 2099 2219 Id
2120 2181 2240 2232 igitur

271 2250 344 2292 hac
372 2250 573 2292 scribendi
604 2251 811 2292 occasione
835 2251 1017 2306 persequi
1048 2251 1238 2303 volumus,
1271 2252 1305 2292 si
1330 2251 1431 2292 forte
1463 2251 1673 2305 contigerit
1699 2258 1741 2291 ut
1766 2251 1917 2305 aliquid
1943 2251 1992 2291 ad
2022 2257 2126 2292 recte
2154 2266 2239 2306 per-

270 2324 496 2375 cipiendum
516 2337 630 2362 usum
652 2324 1056 2376 consuetudinemque
1077 2325 1270 2363 sermonis
1291 2324 1427 2362 Latini
1448 2324 1705 2362 conferamus.

466 2397 572 2445 Ergo
601 2397 716 2434 Accii
749 2397 888 2443 verba,
926 2410 1026 2447 quae
1064 2410 1113 2434 ex
1146 2410 1223 2447 quo
1252 2397 1354 2435 libro
1383 2397 1498 2435 Accii
1527 2404 1684 2447 sumpta
1713 2396 1793 2434 sint
1822 2409 1896 2434 nec
1925 2394 2080 2434 Gellius
2109 2410 2239 2447 neque

270 2480 386 2518 quem
406 2467 440 2506 is
463 2467 600 2506 citavit
619 2466 745 2506 Varro
765 2466 927 2515 indicat,
950 2467 990 2505 in
1011 2467 1123 2506 libris
1144 2468 1228 2506 eius
1253 2478 1564 2508 DIDASOALICON
1589 2467 1718 2519 posita
1738 2467 1860 2506 fuisse
1881 2467 1937 2505 rei
1958 2473 1997 2505 et
2017 2467 2239 2507 sententiae

269 2550 389 2576 causa
408 2538 668 2590 probabiliter
687 2543 778 2589 post
797 2537 897 2577 alios
918 2537 1057 2577 statuit
1076 2537 1317 2589 MadvigiuS,
1344 2538 1379 2577 is
1400 2539 1467 2590 qui
1488 2536 1540 2589 (a.
1566 2537 1688 2587 1831)
1714 2539 1864 2591 primus
1885 2537 2025 2576 horum
2046 2538 2239 2577 librorum

269 2609 461 2659 originem
482 2617 521 2648 et
541 2616 722 2648 naturam
742 2609 943 2648 luculenta
959 2609 1224 2662 disputatione
1242 2609 1472 2662 explanavit
1490 2610 1758 2662 reliquiasque
1775 2624 1907 2648 eorum
1928 2624 1952 2648 a
1966 2611 2238 2661 grammaticis

268 2681 409 2721 allatas
430 2681 590 2732 collegit
612 2688 650 2720 et
670 2681 907 2732 emendavit,
929 2682 971 2721 in
992 2682 1136 2734 quibus
1157 2688 1294 2721 nostra
1313 2681 1383 2721 illa
1402 2682 1524 2721 verba
1544 2682 1601 2721 sic
1622 2682 1855 2734 perscripsit
1873 2679 1994 2734 (Opp.
2018 2693 2032 2720 1
2056 2695 2092 2735 p.
2112 2682 2181 2730 94)

595 2768 687 2792 nam
705 2768 775 2793 nec
797 2753 954 2793 Gemini
970 2768 1039 2793 nec
1058 2754 1206 2793 Leones
1224 2768 1293 2793 nec
1313 2754 1546 2794 Condalium
1569 2768 1638 2793 nec
1659 2755 1772 2793 Anne
1792 2755 1933 2793 Plauti
1956 2768 2024 2793 nec
2043 2755 2118 2794 Bis
2137 2769 2237 2794 com·

595 2840 734 2877 preesa
747 2840 816 2865 nec
830 2826 996 2866 Boeotia
1010 2840 1195 2879 umquam
1202 2826 1304 2877 fuit,
1320 2840 1442 2878 neque
1457 2827 1553 2865 adeo
1566 2824 1771 2878 ’Ἁγροικος
1786 2840 1908 2878 neque
1923 2826 2235 2877 Commorientes,

596 2897 664 2935 sed
685 2897 739 2936 M.
762 2897 931 2949 Aquilii,

267 2968 346 3007 nisi
365 2967 470 3020 quod
492 2967 539 3006 de
561 2968 726 3006 extremi
747 2969 919 3008 nominis
941 2969 1105 3008 veritate
1126 2982 1168 3008 se
1190 2968 1305 3008 valde
1326 2969 1507 3008 dubitare
1527 2970 1745 3021 profitetur.
